EUR/USD,20230901 00:00:00.074,1.0842,1.08427
EUR/USD,20230901 00:00:00.214,1.08421,1.08426
EUR/USD,20230901 00:00:00.402,1.0842,1.08428
EUR/USD,20230901 00:00:00.498,1.08421,1.08426
EUR/USD,20230901 00:00:01.047,1.08422,1.08426
EUR/USD,20230901 00:00:01.250,1.08422,1.08429
EUR/USD,20230901 00:00:01.250,1.08423,1.08428
EUR/USD,20230901 00:00:01.281,1.08424,1.08429
EUR/USD,20230901 00:00:01.953,1.08421,1.08429
EUR/USD,20230901 00:00:01.953,1.08423,1.08427
EUR/USD,20230901 00:00:02.187,1.08421,1.08428
EUR/USD,20230901 00:00:02.203,1.08422,1.08426
EUR/USD,20230901 00:00:02.250,1.08419,1.08427
EUR/USD,20230901 00:00:02.281,1.08421,1.08426
EUR/USD,20230901 00:00:02.344,1.0842,1.08428
EUR/USD,20230901 00:00:02.422,1.08422,1.08426
EUR/USD,20230901 00:00:02.531,1.08421,1.08426
EUR/USD,20230901 00:00:02.844,1.08422,1.08426
EUR/USD,20230901 00:00:05.099,1.08421,1.08426
EUR/USD,20230901 00:00:05.319,1.08422,1.08426
EUR/USD,20230901 00:00:06.512,1.08421,1.08426
EUR/USD,20230901 00:00:06.637,1.08422,1.08429
EUR/USD,20230901 00:00:06.637,1.08423,1.08427
EUR/USD,20230901 00:00:06.668,1.08424,1.08428
EUR/USD,20230901 00:00:06.668,1.08423,1.0843
EUR/USD,20230901 00:00:06.699,1.08424,1.08429
EUR/USD,20230901 00:00:08.051,1.08424,1.0843
EUR/USD,20230901 00:00:08.879,1.08424,1.08431
EUR/USD,20230901 00:00:08.910,1.08426,1.08434
EUR/USD,20230901 00:00:08.910,1.08428,1.08431
EUR/USD,20230901 00:00:08.957,1.08428,1.08432
EUR/USD,20230901 00:00:09.741,1.08426,1.08434
EUR/USD,20230901 00:00:10.102,1.08427,1.08431
EUR/USD,20230901 00:00:10.164,1.08427,1.08433
EUR/USD,20230901 00:00:10.180,1.08426,1.08435
EUR/USD,20230901 00:00:10.370,1.08427,1.08433
EUR/USD,20230901 00:00:11.182,1.08426,1.08433
EUR/USD,20230901 00:00:11.198,1.08427,1.08431
EUR/USD,20230901 00:00:11.214,1.08427,1.08432
EUR/USD,20230901 00:00:13.582,1.08427,1.08431
EUR/USD,20230901 00:00:14.762,1.08426,1.08435
EUR/USD,20230901 00:00:14.777,1.08427,1.08432
EUR/USD,20230901 00:00:14.824,1.08428,1.08433
EUR/USD,20230901 00:00:14.934,1.08428,1.08435
EUR/USD,20230901 00:00:14.949,1.08429,1.08434
EUR/USD,20230901 00:00:14.965,1.08427,1.08435
EUR/USD,20230901 00:00:14.965,1.08428,1.08434
EUR/USD,20230901 00:00:15.199,1.08428,1.08435
EUR/USD,20230901 00:00:15.199,1.08429,1.08434
EUR/USD,20230901 00:00:15.215,1.0843,1.08436
EUR/USD,20230901 00:00:15.230,1.08428,1.08436
EUR/USD,20230901 00:00:15.246,1.08429,1.08438
EUR/USD,20230901 00:00:15.293,1.08431,1.08436
EUR/USD,20230901 00:00:15.293,1.0843,1.08438
EUR/USD,20230901 00:00:15.418,1.08431,1.08436
EUR/USD,20230901 00:00:15.527,1.08432,1.08436
EUR/USD,20230901 00:00:15.527,1.0843,1.08439
EUR/USD,20230901 00:00:15.559,1.08432,1.08439
EUR/USD,20230901 00:00:15.559,1.08433,1.08438
EUR/USD,20230901 00:00:15.637,1.08431,1.08439
EUR/USD,20230901 00:00:15.777,1.08433,1.08438
EUR/USD,20230901 00:00:17.717,1.08433,1.08437
EUR/USD,20230901 00:00:17.827,1.08432,1.08436
EUR/USD,20230901 00:00:20.461,1.08431,1.08439
EUR/USD,20230901 00:00:20.524,1.08432,1.08436
EUR/USD,20230901 00:00:20.539,1.08431,1.08439
EUR/USD,20230901 00:00:20.824,1.08432,1.08436
EUR/USD,20230901 00:00:21.605,1.08431,1.08439
EUR/USD,20230901 00:00:22.059,1.08432,1.08436
EUR/USD,20230901 00:00:22.515,1.08431,1.08439
EUR/USD,20230901 00:00:22.970,1.08432,1.08436
EUR/USD,20230901 00:00:23.017,1.08433,1.08438
EUR/USD,20230901 00:00:23.063,1.08433,1.08437
EUR/USD,20230901 00:00:23.079,1.08431,1.08439
EUR/USD,20230901 00:00:23.095,1.08434,1.08438
EUR/USD,20230901 00:00:23.110,1.08433,1.08441
EUR/USD,20230901 00:00:23.173,1.08435,1.08439
EUR/USD,20230901 00:00:23.173,1.08433,1.08442
EUR/USD,20230901 00:00:23.204,1.08435,1.0844
EUR/USD,20230901 00:00:24.001,1.08436,1.08441
EUR/USD,20230901 00:00:24.237,1.08433,1.08442
EUR/USD,20230901 00:00:24.237,1.08436,1.08441
EUR/USD,20230901 00:00:24.253,1.08433,1.08442
EUR/USD,20230901 00:00:24.393,1.08436,1.08441
EUR/USD,20230901 00:00:24.409,1.08433,1.08442
EUR/USD,20230901 00:00:24.520,1.08436,1.08441
EUR/USD,20230901 00:00:24.598,1.08433,1.08442
EUR/USD,20230901 00:00:24.645,1.08436,1.08441
EUR/USD,20230901 00:00:24.661,1.08433,1.08442
EUR/USD,20230901 00:00:24.756,1.08436,1.08441
EUR/USD,20230901 00:00:25.226,1.08433,1.08442
EUR/USD,20230901 00:00:25.304,1.08433,1.08443
EUR/USD,20230901 00:00:25.336,1.08435,1.08443
EUR/USD,20230901 00:00:25.429,1.08437,1.08441
EUR/USD,20230901 00:00:25.711,1.08436,1.08441
EUR/USD,20230901 00:00:25.993,1.08435,1.08443
EUR/USD,20230901 00:00:26.040,1.08436,1.08441
EUR/USD,20230901 00:00:26.102,1.08434,1.08443
EUR/USD,20230901 00:00:26.149,1.08436,1.08441
EUR/USD,20230901 00:00:26.229,1.08435,1.08443
EUR/USD,20230901 00:00:26.245,1.08437,1.08441
EUR/USD,20230901 00:00:26.260,1.08436,1.08443
EUR/USD,20230901 00:00:26.276,1.08438,1.08445
EUR/USD,20230901 00:00:26.292,1.0844,1.08443
EUR/USD,20230901 00:00:26.354,1.0844,1.08445
EUR/USD,20230901 00:00:27.327,1.08441,1.08445
EUR/USD,20230901 00:00:32.925,1.08442,1.08445
EUR/USD,20230901 00:00:33.144,1.08439,1.08447
EUR/USD,20230901 00:00:33.159,1.08442,1.0845
EUR/USD,20230901 00:00:33.159,1.08446,1.08448
EUR/USD,20230901 00:00:33.190,1.08445,1.08452
EUR/USD,20230901 00:00:33.206,1.08446,1.08449
EUR/USD,20230901 00:00:33.222,1.08446,1.08451
EUR/USD,20230901 00:00:33.222,1.08445,1.08453
EUR/USD,20230901 00:00:33.253,1.08447,1.08451
EUR/USD,20230901 00:00:34.146,1.08448,1.08451
EUR/USD,20230901 00:00:38.304,1.08447,1.08451
EUR/USD,20230901 00:00:38.711,1.08448,1.08452
EUR/USD,20230901 00:00:38.727,1.08447,1.08454
EUR/USD,20230901 00:00:38.742,1.08446,1.08453
EUR/USD,20230901 00:00:38.758,1.08447,1.08451
EUR/USD,20230901 00:00:39.195,1.08445,1.08453
EUR/USD,20230901 00:00:39.211,1.08445,1.08452
EUR/USD,20230901 00:00:39.242,1.08446,1.08451
EUR/USD,20230901 00:00:39.258,1.08444,1.08453
EUR/USD,20230901 00:00:39.352,1.08446,1.08451
EUR/USD,20230901 00:00:39.680,1.08444,1.08452
EUR/USD,20230901 00:00:39.695,1.08445,1.0845
EUR/USD,20230901 00:00:39.711,1.08443,1.08451
EUR/USD,20230901 00:00:39.774,1.08442,1.08451
EUR/USD,20230901 00:00:39.805,1.08445,1.0845
EUR/USD,20230901 00:00:39.867,1.08442,1.08451
EUR/USD,20230901 00:00:39.930,1.08445,1.0845
EUR/USD,20230901 00:00:39.945,1.08436,1.08456
EUR/USD,20230901 00:00:39.992,1.08444,1.08447
EUR/USD,20230901 00:00:39.992,1.08437,1.08453
EUR/USD,20230901 00:00:40.024,1.08443,1.08447
EUR/USD,20230901 00:00:40.635,1.08442,1.08446
EUR/USD,20230901 00:00:40.682,1.08435,1.08452
EUR/USD,20230901 00:00:40.698,1.08441,1.08446
EUR/USD,20230901 00:00:40.714,1.08433,1.08453
EUR/USD,20230901 00:00:40.792,1.08441,1.08445
EUR/USD,20230901 00:00:40.792,1.08434,1.08451
EUR/USD,20230901 00:00:40.823,1.08432,1.08448
EUR/USD,20230901 00:00:40.854,1.08439,1.08443
EUR/USD,20230901 00:00:40.870,1.0843,1.08447
EUR/USD,20230901 00:00:40.901,1.0843,1.08446
EUR/USD,20230901 00:00:40.901,1.08436,1.08441
EUR/USD,20230901 00:00:40.964,1.08435,1.08441
EUR/USD,20230901 00:00:41.042,1.08429,1.08445
EUR/USD,20230901 00:00:41.057,1.08435,1.0844
EUR/USD,20230901 00:00:41.120,1.08427,1.08446
EUR/USD,20230901 00:00:41.307,1.08435,1.0844
EUR/USD,20230901 00:00:41.510,1.08435,1.08439
EUR/USD,20230901 00:00:42.057,1.08434,1.08439
EUR/USD,20230901 00:00:45.838,1.08425,1.08446
EUR/USD,20230901 00:00:45.854,1.08426,1.08443
EUR/USD,20230901 00:00:45.869,1.08434,1.08438
EUR/USD,20230901 00:00:45.885,1.08426,1.08445
EUR/USD,20230901 00:00:45.885,1.08434,1.08439
EUR/USD,20230901 00:00:45.916,1.08428,1.08445
EUR/USD,20230901 00:00:46.041,1.08427,1.08445
EUR/USD,20230901 00:00:46.057,1.08434,1.08439
EUR/USD,20230901 00:00:46.935,1.08428,1.08445
EUR/USD,20230901 00:00:46.966,1.08429,1.08445
EUR/USD,20230901 00:00:46.982,1.08435,1.0844
EUR/USD,20230901 00:00:47.466,1.08434,1.0844
EUR/USD,20230901 00:00:47.497,1.08428,1.08445
EUR/USD,20230901 00:00:47.607,1.08434,1.0844
EUR/USD,20230901 00:00:48.060,1.08426,1.08445
EUR/USD,20230901 00:00:48.075,1.08434,1.0844
EUR/USD,20230901 00:00:48.280,1.08434,1.08438
EUR/USD,20230901 00:00:48.358,1.08433,1.08436
EUR/USD,20230901 00:00:48.358,1.08427,1.08443
EUR/USD,20230901 00:00:48.374,1.08432,1.08436
EUR/USD,20230901 00:00:49.832,1.08425,1.08443
EUR/USD,20230901 00:00:49.895,1.08432,1.08436
EUR/USD,20230901 00:00:51.308,1.08431,1.08436
EUR/USD,20230901 00:00:52.435,1.08424,1.08443
EUR/USD,20230901 00:00:52.529,1.08431,1.08436
EUR/USD,20230901 00:00:52.591,1.08424,1.08441
EUR/USD,20230901 00:00:52.591,1.08431,1.08435
EUR/USD,20230901 00:00:52.623,1.08431,1.08436
EUR/USD,20230901 00:00:54.267,1.0843,1.08436
EUR/USD,20230901 00:00:54.267,1.08422,1.08441
EUR/USD,20230901 00:00:54.314,1.0843,1.08435
EUR/USD,20230901 00:00:56.524,1.08429,1.08435
EUR/USD,20230901 00:01:00.091,1.0843,1.08435
EUR/USD,20230901 00:01:00.781,1.08421,1.08442
EUR/USD,20230901 00:01:00.859,1.0843,1.08435
EUR/USD,20230901 00:01:01.553,1.08422,1.08441
EUR/USD,20230901 00:01:01.662,1.0843,1.08435
EUR/USD,20230901 00:01:02.428,1.08424,1.08441
EUR/USD,20230901 00:01:02.443,1.08423,1.08443
EUR/USD,20230901 00:01:02.490,1.08431,1.08435
EUR/USD,20230901 00:01:02.506,1.08431,1.08436
EUR/USD,20230901 00:01:03.791,1.0843,1.08436
EUR/USD,20230901 00:01:05.191,1.08424,1.08442
EUR/USD,20230901 00:01:05.238,1.08423,1.08443
EUR/USD,20230901 00:01:05.269,1.08431,1.08436
EUR/USD,20230901 00:01:09.742,1.08423,1.08443
EUR/USD,20230901 00:01:09.883,1.08424,1.08442
EUR/USD,20230901 00:01:10.211,1.08431,1.08436
EUR/USD,20230901 00:01:10.602,1.08426,1.08442
EUR/USD,20230901 00:01:10.633,1.08432,1.08436
EUR/USD,20230901 00:01:10.664,1.08427,1.08442
EUR/USD,20230901 00:01:10.695,1.08428,1.08444
EUR/USD,20230901 00:01:10.727,1.08434,1.08438
EUR/USD,20230901 00:01:10.773,1.08434,1.08439
EUR/USD,20230901 00:01:11.305,1.08433,1.08439
EUR/USD,20230901 00:01:11.572,1.08427,1.08442
EUR/USD,20230901 00:01:11.587,1.08432,1.08433
EUR/USD,20230901 00:01:11.587,1.08424,1.0844
EUR/USD,20230901 00:01:11.619,1.08424,1.08439
EUR/USD,20230901 00:01:11.634,1.08431,1.08435
EUR/USD,20230901 00:01:11.665,1.08429,1.08435
EUR/USD,20230901 00:01:22.129,1.08423,1.08439
EUR/USD,20230901 00:01:22.318,1.08429,1.08435
EUR/USD,20230901 00:01:24.468,1.08429,1.08433
EUR/USD,20230901 00:01:24.499,1.08428,1.08431
EUR/USD,20230901 00:01:24.530,1.08427,1.08431
EUR/USD,20230901 00:01:24.593,1.08422,1.08437
EUR/USD,20230901 00:01:24.655,1.08427,1.08431
EUR/USD,20230901 00:01:27.458,1.08423,1.08437
EUR/USD,20230901 00:01:27.489,1.08428,1.08433
EUR/USD,20230901 00:01:27.645,1.08422,1.08439
EUR/USD,20230901 00:01:27.770,1.08428,1.08433
EUR/USD,20230901 00:01:29.365,1.08423,1.08438
EUR/USD,20230901 00:01:29.365,1.08428,1.08432
EUR/USD,20230901 00:01:29.396,1.08423,1.08437
EUR/USD,20230901 00:01:29.412,1.08427,1.08431
EUR/USD,20230901 00:01:30.011,1.08423,1.08437
EUR/USD,20230901 00:01:30.058,1.08427,1.08431
EUR/USD,20230901 00:01:31.379,1.08427,1.08432
EUR/USD,20230901 00:01:31.411,1.08427,1.08431
EUR/USD,20230901 00:01:31.896,1.08428,1.08432
EUR/USD,20230901 00:01:33.397,1.08427,1.08431
EUR/USD,20230901 00:01:36.443,1.08429,1.08433
EUR/USD,20230901 00:01:36.443,1.08423,1.08437
EUR/USD,20230901 00:01:36.475,1.08423,1.08438
EUR/USD,20230901 00:01:36.490,1.08429,1.08434
EUR/USD,20230901 00:01:36.490,1.08423,1.08439
EUR/USD,20230901 00:01:36.586,1.08422,1.0844
EUR/USD,20230901 00:01:36.711,1.08429,1.08434
EUR/USD,20230901 00:01:37.226,1.08423,1.08439
EUR/USD,20230901 00:01:37.508,1.08429,1.08434
EUR/USD,20230901 00:01:37.586,1.08422,1.0844
EUR/USD,20230901 00:01:37.886,1.08429,1.08434
EUR/USD,20230901 00:01:38.232,1.08423,1.08439
EUR/USD,20230901 00:01:38.561,1.08429,1.08434
EUR/USD,20230901 00:01:38.578,1.08422,1.0844
EUR/USD,20230901 00:01:38.844,1.08423,1.08439
EUR/USD,20230901 00:01:39.048,1.08429,1.08434
EUR/USD,20230901 00:01:39.219,1.08422,1.0844
EUR/USD,20230901 00:01:39.251,1.08423,1.08439
EUR/USD,20230901 00:01:39.594,1.08422,1.0844
EUR/USD,20230901 00:01:39.610,1.08423,1.08439
EUR/USD,20230901 00:01:39.751,1.08429,1.08434
EUR/USD,20230901 00:01:39.844,1.08422,1.0844
EUR/USD,20230901 00:01:39.940,1.08423,1.08441
EUR/USD,20230901 00:01:39.955,1.08431,1.08434
EUR/USD,20230901 00:01:39.955,1.08425,1.08441
EUR/USD,20230901 00:01:39.986,1.08426,1.08441
EUR/USD,20230901 00:01:40.002,1.08431,1.08436
EUR/USD,20230901 00:01:40.067,1.08432,1.08436
EUR/USD,20230901 00:01:40.317,1.08427,1.0844
EUR/USD,20230901 00:01:40.333,1.08432,1.08436
EUR/USD,20230901 00:01:41.136,1.0843,1.08436
EUR/USD,20230901 00:01:41.167,1.08431,1.08436
EUR/USD,20230901 00:01:41.371,1.08425,1.08442
EUR/USD,20230901 00:01:41.417,1.08431,1.08436
EUR/USD,20230901 00:01:41.717,1.08424,1.08442
EUR/USD,20230901 00:01:41.810,1.08425,1.08441
EUR/USD,20230901 00:01:41.826,1.0843,1.08436
EUR/USD,20230901 00:01:41.967,1.08425,1.0844
EUR/USD,20230901 00:01:41.982,1.08423,1.08438
EUR/USD,20230901 00:01:41.998,1.08428,1.08432
EUR/USD,20230901 00:01:42.014,1.08421,1.08438
EUR/USD,20230901 00:01:42.045,1.08421,1.08437
EUR/USD,20230901 00:01:42.045,1.08426,1.08431
EUR/USD,20230901 00:01:42.201,1.08421,1.08435
EUR/USD,20230901 00:01:42.217,1.08426,1.0843
EUR/USD,20230901 00:01:42.703,1.08425,1.0843
EUR/USD,20230901 00:01:44.570,1.08426,1.0843
EUR/USD,20230901 00:01:44.602,1.08426,1.08431
EUR/USD,20230901 00:01:44.648,1.08427,1.08432
EUR/USD,20230901 00:01:44.680,1.08422,1.08437
EUR/USD,20230901 00:01:45.136,1.08427,1.08432
EUR/USD,20230901 00:01:45.199,1.08423,1.08437
EUR/USD,20230901 00:01:45.214,1.08428,1.08434
EUR/USD,20230901 00:01:45.230,1.08429,1.08434
EUR/USD,20230901 00:01:45.230,1.08423,1.0844
EUR/USD,20230901 00:01:45.324,1.08422,1.08441
EUR/USD,20230901 00:01:45.467,1.08429,1.08434
EUR/USD,20230901 00:01:45.923,1.08423,1.0844
EUR/USD,20230901 00:01:46.142,1.08429,1.08434
EUR/USD,20230901 00:01:46.392,1.08425,1.0844
EUR/USD,20230901 00:01:46.408,1.0843,1.08434
EUR/USD,20230901 00:01:46.455,1.0843,1.08436
EUR/USD,20230901 00:01:46.470,1.08431,1.08436
EUR/USD,20230901 00:01:46.486,1.0843,1.08436
EUR/USD,20230901 00:01:47.538,1.08431,1.08436
EUR/USD,20230901 00:01:47.679,1.08425,1.08441
EUR/USD,20230901 00:01:47.790,1.08431,1.08436
EUR/USD,20230901 00:01:50.189,1.08426,1.08441
EUR/USD,20230901 00:01:50.189,1.08431,1.08436
EUR/USD,20230901 00:01:50.361,1.08432,1.08436
EUR/USD,20230901 00:01:50.361,1.08427,1.08441
EUR/USD,20230901 00:01:50.377,1.08434,1.08438
EUR/USD,20230901 00:01:50.392,1.08429,1.08443
EUR/USD,20230901 00:01:50.502,1.08434,1.08438
EUR/USD,20230901 00:01:50.549,1.08427,1.08443
EUR/USD,20230901 00:01:50.611,1.08434,1.08438
EUR/USD,20230901 00:01:52.919,1.08433,1.08437
EUR/USD,20230901 00:01:53.278,1.08432,1.08436
EUR/USD,20230901 00:01:56.373,1.08432,1.08437
EUR/USD,20230901 00:01:56.451,1.08432,1.08436
EUR/USD,20230901 00:01:56.576,1.08426,1.08441
EUR/USD,20230901 00:01:56.607,1.08426,1.0844
EUR/USD,20230901 00:01:56.607,1.08431,1.08436
EUR/USD,20230901 00:01:56.623,1.08425,1.0844
EUR/USD,20230901 00:01:56.670,1.0843,1.08435
EUR/USD,20230901 00:01:57.029,1.08424,1.08441
EUR/USD,20230901 00:01:57.060,1.08431,1.08435
EUR/USD,20230901 00:01:57.107,1.08427,1.08441
EUR/USD,20230901 00:01:57.170,1.08431,1.08436
EUR/USD,20230901 00:01:57.342,1.08431,1.08437
EUR/USD,20230901 00:01:57.357,1.08432,1.08437
EUR/USD,20230901 00:01:57.531,1.08427,1.08441
EUR/USD,20230901 00:01:57.547,1.08434,1.08439
EUR/USD,20230901 00:01:57.547,1.0843,1.08444
EUR/USD,20230901 00:01:57.578,1.08435,1.08439
EUR/USD,20230901 00:01:58.350,1.08434,1.08439
EUR/USD,20230901 00:01:59.367,1.08428,1.08444
EUR/USD,20230901 00:01:59.445,1.08427,1.08444
EUR/USD,20230901 00:01:59.507,1.08434,1.08439
EUR/USD,20230901 00:01:59.729,1.08431,1.0844
EUR/USD,20230901 00:01:59.807,1.08434,1.08439
EUR/USD,20230901 00:01:59.869,1.08433,1.08439
EUR/USD,20230901 00:02:01.015,1.08433,1.08438
EUR/USD,20230901 00:02:01.547,1.08431,1.08439
EUR/USD,20230901 00:02:01.547,1.08433,1.08436
EUR/USD,20230901 00:02:01.578,1.08432,1.08436
EUR/USD,20230901 00:02:02.523,1.08432,1.08437
EUR/USD,20230901 00:02:04.200,1.08432,1.08436
EUR/USD,20230901 00:02:04.577,1.08431,1.08438
EUR/USD,20230901 00:02:04.609,1.08432,1.08436
EUR/USD,20230901 00:02:04.640,1.08431,1.08436
EUR/USD,20230901 00:02:07.018,1.08429,1.08439
EUR/USD,20230901 00:02:07.049,1.08431,1.08436
EUR/USD,20230901 00:02:09.746,1.08429,1.08439
EUR/USD,20230901 00:02:09.826,1.08431,1.08436
EUR/USD,20230901 00:02:14.035,1.08431,1.08438
EUR/USD,20230901 00:02:14.051,1.08431,1.08436
EUR/USD,20230901 00:02:15.240,1.08432,1.08436
EUR/USD,20230901 00:02:15.272,1.08432,1.08437
EUR/USD,20230901 00:02:15.303,1.08432,1.08436
EUR/USD,20230901 00:02:15.834,1.08431,1.08436
EUR/USD,20230901 00:02:19.074,1.08429,1.08437
EUR/USD,20230901 00:02:19.089,1.0843,1.08436
EUR/USD,20230901 00:02:19.183,1.0843,1.08435
EUR/USD,20230901 00:02:20.469,1.08431,1.08435
EUR/USD,20230901 00:02:26.974,1.0843,1.08438
EUR/USD,20230901 00:02:27.021,1.0843,1.08435
EUR/USD,20230901 00:02:31.060,1.08428,1.08437
EUR/USD,20230901 00:02:31.075,1.08428,1.08436
EUR/USD,20230901 00:02:31.138,1.0843,1.08435
EUR/USD,20230901 00:02:31.405,1.0843,1.08434
EUR/USD,20230901 00:02:31.796,1.0843,1.08435
EUR/USD,20230901 00:02:32.690,1.0843,1.08437
EUR/USD,20230901 00:02:32.721,1.08432,1.08436
EUR/USD,20230901 00:02:35.698,1.0843,1.08435
EUR/USD,20230901 00:02:36.794,1.08431,1.08435
EUR/USD,20230901 00:02:36.810,1.0843,1.08435
EUR/USD,20230901 00:02:38.490,1.08431,1.08435
EUR/USD,20230901 00:02:38.506,1.0843,1.08435
EUR/USD,20230901 00:02:39.747,1.0843,1.08437
EUR/USD,20230901 00:02:40.013,1.08431,1.08435
EUR/USD,20230901 00:02:42.319,1.08429,1.08437
EUR/USD,20230901 00:02:42.398,1.0843,1.08438
EUR/USD,20230901 00:02:42.413,1.08431,1.08435
EUR/USD,20230901 00:02:42.632,1.08431,1.08436
EUR/USD,20230901 00:02:42.679,1.08432,1.08436
EUR/USD,20230901 00:02:43.070,1.08433,1.08436
EUR/USD,20230901 00:02:46.651,1.08432,1.08436
EUR/USD,20230901 00:02:49.882,1.08433,1.08436
EUR/USD,20230901 00:02:49.991,1.08431,1.08438
EUR/USD,20230901 00:02:49.991,1.08433,1.08437
EUR/USD,20230901 00:02:50.023,1.08433,1.0844
EUR/USD,20230901 00:02:50.054,1.08434,1.08439
EUR/USD,20230901 00:02:51.654,1.08435,1.0844
EUR/USD,20230901 00:02:51.967,1.08436,1.0844
EUR/USD,20230901 00:02:52.060,1.08435,1.0844
EUR/USD,20230901 00:02:59.630,1.08434,1.08441
EUR/USD,20230901 00:02:59.741,1.08435,1.0844
EUR/USD,20230901 00:03:00.774,1.08436,1.08441
EUR/USD,20230901 00:03:06.277,1.08433,1.08443
EUR/USD,20230901 00:03:06.436,1.08436,1.08441
EUR/USD,20230901 00:03:06.529,1.08436,1.0844
EUR/USD,20230901 00:03:08.253,1.08436,1.08441
EUR/USD,20230901 00:03:09.744,1.08433,1.08443
EUR/USD,20230901 00:03:09.759,1.08436,1.08441
EUR/USD,20230901 00:03:15.192,1.08434,1.08444
EUR/USD,20230901 00:03:15.207,1.08435,1.08446
EUR/USD,20230901 00:03:15.223,1.08439,1.08442
EUR/USD,20230901 00:03:15.254,1.08439,1.08443
EUR/USD,20230901 00:03:15.270,1.08437,1.08448
EUR/USD,20230901 00:03:15.301,1.0844,1.08445
EUR/USD,20230901 00:03:15.348,1.08439,1.08445
EUR/USD,20230901 00:03:20.462,1.08437,1.08449
EUR/USD,20230901 00:03:20.462,1.08441,1.08446
EUR/USD,20230901 00:03:20.477,1.08439,1.08449
EUR/USD,20230901 00:03:20.509,1.0844,1.0845
EUR/USD,20230901 00:03:20.524,1.08442,1.08446
EUR/USD,20230901 00:03:20.587,1.08442,1.08447
EUR/USD,20230901 00:03:20.948,1.08442,1.08446
EUR/USD,20230901 00:03:20.995,1.08439,1.0845
EUR/USD,20230901 00:03:21.010,1.08441,1.08446
EUR/USD,20230901 00:03:21.010,1.08439,1.08448
EUR/USD,20230901 00:03:21.153,1.08441,1.08446
EUR/USD,20230901 00:03:24.067,1.08437,1.08448
EUR/USD,20230901 00:03:24.099,1.08441,1.08445
EUR/USD,20230901 00:03:24.099,1.08436,1.08448
EUR/USD,20230901 00:03:24.130,1.08439,1.08445
EUR/USD,20230901 00:03:24.146,1.08439,1.08443
EUR/USD,20230901 00:03:24.161,1.08437,1.08447
EUR/USD,20230901 00:03:24.177,1.08435,1.08445
EUR/USD,20230901 00:03:24.239,1.08438,1.08442
EUR/USD,20230901 00:03:24.539,1.08438,1.08441
EUR/USD,20230901 00:03:25.748,1.08438,1.08442
EUR/USD,20230901 00:03:25.763,1.08438,1.08443
EUR/USD,20230901 00:03:25.763,1.08435,1.08446
EUR/USD,20230901 00:03:25.904,1.08438,1.08443
EUR/USD,20230901 00:03:25.951,1.08435,1.08447
EUR/USD,20230901 00:03:26.029,1.08438,1.08443
EUR/USD,20230901 00:03:30.889,1.08435,1.08446
EUR/USD,20230901 00:03:30.921,1.08435,1.08445
EUR/USD,20230901 00:03:30.921,1.08438,1.08442
EUR/USD,20230901 00:03:30.983,1.08437,1.08441
EUR/USD,20230901 00:03:31.030,1.08434,1.08445
EUR/USD,20230901 00:03:31.046,1.08437,1.0844
EUR/USD,20230901 00:03:31.061,1.08434,1.08443
EUR/USD,20230901 00:03:31.077,1.08436,1.08441
EUR/USD,20230901 00:03:31.707,1.08433,1.08444
EUR/USD,20230901 00:03:31.785,1.08436,1.08441
EUR/USD,20230901 00:03:32.210,1.08435,1.08441
EUR/USD,20230901 00:03:39.734,1.08433,1.08444
EUR/USD,20230901 00:03:41.681,1.08435,1.08441
EUR/USD,20230901 00:03:42.513,1.08434,1.08444
EUR/USD,20230901 00:03:42.513,1.08436,1.08441
EUR/USD,20230901 00:03:42.559,1.08437,1.08442
EUR/USD,20230901 00:03:42.575,1.08435,1.08444
EUR/USD,20230901 00:03:42.591,1.08435,1.08448
EUR/USD,20230901 00:03:42.591,1.08438,1.08443
EUR/USD,20230901 00:03:42.622,1.08439,1.08443
EUR/USD,20230901 00:03:42.622,1.08437,1.08447
EUR/USD,20230901 00:03:42.809,1.08439,1.08443
EUR/USD,20230901 00:03:42.809,1.08435,1.08446
EUR/USD,20230901 00:03:42.952,1.08439,1.08443
EUR/USD,20230901 00:03:43.046,1.08435,1.08445
EUR/USD,20230901 00:03:43.077,1.08439,1.08443
EUR/USD,20230901 00:03:43.093,1.08438,1.08441
EUR/USD,20230901 00:03:46.560,1.08433,1.08445
EUR/USD,20230901 00:03:46.591,1.08437,1.08441
EUR/USD,20230901 00:03:47.173,1.08433,1.08444
EUR/USD,20230901 00:03:47.204,1.08435,1.0844
EUR/USD,20230901 00:03:50.891,1.08432,1.08442
EUR/USD,20230901 00:03:50.907,1.08435,1.08439
EUR/USD,20230901 00:03:52.746,1.08431,1.08444
EUR/USD,20230901 00:03:52.857,1.08435,1.08439
EUR/USD,20230901 00:03:53.155,1.08435,1.0844
EUR/USD,20230901 00:04:03.237,1.08431,1.08443
EUR/USD,20230901 00:04:03.268,1.08433,1.08436
EUR/USD,20230901 00:04:03.268,1.08429,1.0844
EUR/USD,20230901 00:04:03.362,1.08432,1.08436
EUR/USD,20230901 00:04:06.478,1.08428,1.08441
EUR/USD,20230901 00:04:06.730,1.08432,1.08436
EUR/USD,20230901 00:04:09.647,1.08429,1.0844
EUR/USD,20230901 00:04:10.540,1.08432,1.08436
EUR/USD,20230901 00:04:10.587,1.08428,1.08441
EUR/USD,20230901 00:04:10.603,1.08433,1.08438
EUR/USD,20230901 00:04:10.618,1.08429,1.08442
EUR/USD,20230901 00:04:10.634,1.08434,1.08439
EUR/USD,20230901 00:04:10.634,1.08429,1.08443
EUR/USD,20230901 00:04:10.696,1.08431,1.08443
EUR/USD,20230901 00:04:10.775,1.08434,1.08439
EUR/USD,20230901 00:04:10.884,1.08432,1.08443
EUR/USD,20230901 00:04:10.900,1.08434,1.08439
EUR/USD,20230901 00:04:10.915,1.08432,1.08442
EUR/USD,20230901 00:04:11.025,1.08434,1.08439
EUR/USD,20230901 00:04:11.837,1.08434,1.0844
EUR/USD,20230901 00:04:13.108,1.08435,1.0844
EUR/USD,20230901 00:04:13.361,1.08431,1.08443
EUR/USD,20230901 00:04:17.409,1.0843,1.08444
EUR/USD,20230901 00:04:19.491,1.08435,1.0844
EUR/USD,20230901 00:04:21.406,1.08435,1.08439
EUR/USD,20230901 00:04:21.406,1.08435,1.0844
EUR/USD,20230901 00:04:21.970,1.08434,1.0844
EUR/USD,20230901 00:04:22.222,1.0843,1.08444
EUR/USD,20230901 00:04:22.831,1.08429,1.08447
EUR/USD,20230901 00:04:22.847,1.08436,1.08441
EUR/USD,20230901 00:04:22.847,1.08431,1.08446
EUR/USD,20230901 00:04:22.878,1.08436,1.08441
EUR/USD,20230901 00:04:23.065,1.08432,1.08446
EUR/USD,20230901 00:04:23.081,1.08436,1.08441
EUR/USD,20230901 00:04:24.067,1.08437,1.08441
EUR/USD,20230901 00:04:25.682,1.08436,1.08441
EUR/USD,20230901 00:04:27.284,1.0843,1.08446
EUR/USD,20230901 00:04:27.441,1.08436,1.08441
EUR/USD,20230901 00:04:28.224,1.08438,1.08441
EUR/USD,20230901 00:04:28.367,1.08437,1.08441
EUR/USD,20230901 00:04:28.804,1.0843,1.08447
EUR/USD,20230901 00:04:28.851,1.08437,1.08441
EUR/USD,20230901 00:04:30.137,1.08428,1.08447
EUR/USD,20230901 00:04:30.152,1.08435,1.08439
EUR/USD,20230901 00:04:30.168,1.08429,1.08443
EUR/USD,20230901 00:04:30.293,1.08435,1.08439
EUR/USD,20230901 00:04:30.558,1.08426,1.08446
EUR/USD,20230901 00:04:30.590,1.08428,1.08446
EUR/USD,20230901 00:04:30.637,1.08435,1.08439
EUR/USD,20230901 00:04:31.453,1.08435,1.08438
EUR/USD,20230901 00:04:31.516,1.08427,1.08443
EUR/USD,20230901 00:04:31.532,1.08433,1.08435
EUR/USD,20230901 00:04:31.532,1.08425,1.08441
EUR/USD,20230901 00:04:31.563,1.08433,1.08436
EUR/USD,20230901 00:04:31.594,1.08423,1.08441
EUR/USD,20230901 00:04:31.610,1.08431,1.08435
EUR/USD,20230901 00:04:31.752,1.08424,1.0844
EUR/USD,20230901 00:04:31.768,1.08425,1.0844
EUR/USD,20230901 00:04:31.846,1.08431,1.08435
EUR/USD,20230901 00:04:32.629,1.08424,1.0844
EUR/USD,20230901 00:04:32.660,1.08422,1.0844
EUR/USD,20230901 00:04:32.676,1.08431,1.08434
EUR/USD,20230901 00:04:32.722,1.0843,1.08435
EUR/USD,20230901 00:04:33.272,1.08423,1.08438
EUR/USD,20230901 00:04:33.287,1.08428,1.08431
EUR/USD,20230901 00:04:33.287,1.08421,1.08437
EUR/USD,20230901 00:04:33.365,1.0842,1.08436
EUR/USD,20230901 00:04:33.506,1.08428,1.08431
EUR/USD,20230901 00:04:33.662,1.0842,1.08435
EUR/USD,20230901 00:04:33.678,1.08426,1.0843
EUR/USD,20230901 00:04:34.116,1.0842,1.08436
EUR/USD,20230901 00:04:34.132,1.08427,1.0843
EUR/USD,20230901 00:04:34.523,1.08428,1.0843
EUR/USD,20230901 00:04:35.669,1.08421,1.08436
EUR/USD,20230901 00:04:35.701,1.08428,1.08431
EUR/USD,20230901 00:04:36.263,1.0843,1.08431
EUR/USD,20230901 00:04:36.655,1.0842,1.08437
EUR/USD,20230901 00:04:37.047,1.08421,1.08436
EUR/USD,20230901 00:04:37.157,1.0842,1.08437
EUR/USD,20230901 00:04:37.395,1.08429,1.08431
EUR/USD,20230901 00:04:38.665,1.08421,1.08436
EUR/USD,20230901 00:04:38.774,1.08429,1.08431
EUR/USD,20230901 00:04:39.197,1.0842,1.08437
EUR/USD,20230901 00:04:39.447,1.08429,1.08431
EUR/USD,20230901 00:04:39.760,1.0842,1.08437
EUR/USD,20230901 00:04:39.979,1.08429,1.08431
EUR/USD,20230901 00:04:40.873,1.08429,1.0843
EUR/USD,20230901 00:04:41.248,1.08428,1.0843
EUR/USD,20230901 00:04:44.137,1.08427,1.0843
EUR/USD,20230901 00:04:48.597,1.08421,1.08436
EUR/USD,20230901 00:04:48.724,1.08427,1.0843
EUR/USD,20230901 00:04:48.755,1.08425,1.0843
EUR/USD,20230901 00:04:48.786,1.0842,1.08435
EUR/USD,20230901 00:04:48.786,1.08424,1.08429
EUR/USD,20230901 00:04:48.802,1.08417,1.08434
EUR/USD,20230901 00:04:48.818,1.08423,1.08429
EUR/USD,20230901 00:04:48.833,1.08419,1.08434
EUR/USD,20230901 00:04:48.849,1.08424,1.08429
EUR/USD,20230901 00:04:48.990,1.0842,1.08433
EUR/USD,20230901 00:04:49.005,1.08424,1.08429
EUR/USD,20230901 00:04:49.427,1.08419,1.08435
EUR/USD,20230901 00:04:49.427,1.08425,1.08429
EUR/USD,20230901 00:04:50.351,1.08425,1.0843
EUR/USD,20230901 00:04:56.288,1.0842,1.08435
EUR/USD,20230901 00:04:56.303,1.0842,1.08434
EUR/USD,20230901 00:04:56.319,1.08423,1.08427
EUR/USD,20230901 00:04:56.335,1.08418,1.08433
EUR/USD,20230901 00:04:56.350,1.08417,1.08433
EUR/USD,20230901 00:04:56.413,1.08422,1.08426
EUR/USD,20230901 00:05:01.254,1.08418,1.08433
EUR/USD,20230901 00:05:01.254,1.08424,1.08429
EUR/USD,20230901 00:05:01.285,1.08418,1.08434
EUR/USD,20230901 00:05:01.379,1.08424,1.08429
EUR/USD,20230901 00:05:01.818,1.08423,1.08429
EUR/USD,20230901 00:05:02.415,1.08417,1.08432
EUR/USD,20230901 00:05:02.415,1.08423,1.08427
EUR/USD,20230901 00:05:02.462,1.08422,1.08426
EUR/USD,20230901 00:05:08.171,1.08421,1.08426
EUR/USD,20230901 00:05:08.171,1.08416,1.08431
EUR/USD,20230901 00:05:08.296,1.08421,1.08426
EUR/USD,20230901 00:05:09.751,1.08416,1.08431
EUR/USD,20230901 00:05:10.017,1.08421,1.08426
EUR/USD,20230901 00:05:14.776,1.08416,1.08432
EUR/USD,20230901 00:05:14.838,1.08421,1.08426
EUR/USD,20230901 00:05:18.702,1.08422,1.08426
EUR/USD,20230901 00:05:21.992,1.08421,1.08426
EUR/USD,20230901 00:05:25.016,1.08423,1.08428
EUR/USD,20230901 00:05:30.014,1.08423,1.08427
EUR/USD,20230901 00:05:32.118,1.08415,1.08432
EUR/USD,20230901 00:05:32.290,1.08423,1.08427
EUR/USD,20230901 00:05:33.234,1.08416,1.08431
EUR/USD,20230901 00:05:33.265,1.08421,1.08425
EUR/USD,20230901 00:05:33.265,1.08415,1.0843
EUR/USD,20230901 00:05:33.296,1.08421,1.08426
EUR/USD,20230901 00:05:33.986,1.08416,1.08431
EUR/USD,20230901 00:05:34.080,1.08421,1.08426
EUR/USD,20230901 00:05:35.317,1.08416,1.08432
EUR/USD,20230901 00:05:35.317,1.08421,1.08426
EUR/USD,20230901 00:05:38.509,1.08422,1.08428
EUR/USD,20230901 00:05:38.509,1.08415,1.08434
EUR/USD,20230901 00:05:38.524,1.08419,1.08435
EUR/USD,20230901 00:05:38.555,1.08424,1.08429
EUR/USD,20230901 00:05:38.649,1.08425,1.0843
EUR/USD,20230901 00:05:38.649,1.0842,1.08436
EUR/USD,20230901 00:05:38.823,1.08425,1.0843
EUR/USD,20230901 00:05:38.981,1.08428,1.0843
EUR/USD,20230901 00:05:38.981,1.08421,1.08436
EUR/USD,20230901 00:05:39.013,1.08425,1.08441
EUR/USD,20230901 00:05:39.044,1.08429,1.08443
EUR/USD,20230901 00:05:39.075,1.08434,1.08437
EUR/USD,20230901 00:05:39.075,1.08428,1.08443
EUR/USD,20230901 00:05:39.106,1.08427,1.08442
EUR/USD,20230901 00:05:39.122,1.08426,1.08441
EUR/USD,20230901 00:05:39.153,1.08423,1.08442
EUR/USD,20230901 00:05:39.153,1.08434,1.08436
EUR/USD,20230901 00:05:39.169,1.08423,1.08443
EUR/USD,20230901 00:05:39.184,1.08425,1.08443
EUR/USD,20230901 00:05:39.216,1.08426,1.08442
EUR/USD,20230901 00:05:39.216,1.0843,1.08436
EUR/USD,20230901 00:05:39.247,1.08431,1.08436
EUR/USD,20230901 00:05:39.747,1.08426,1.08442
EUR/USD,20230901 00:05:39.809,1.08431,1.08436
EUR/USD,20230901 00:05:41.548,1.08426,1.08441
EUR/USD,20230901 00:05:41.580,1.08424,1.0844
EUR/USD,20230901 00:05:41.595,1.08429,1.08432
EUR/USD,20230901 00:05:41.611,1.08422,1.08439
EUR/USD,20230901 00:05:41.658,1.08427,1.08432
EUR/USD,20230901 00:05:41.658,1.08422,1.08437
EUR/USD,20230901 00:05:41.673,1.08427,1.08431
EUR/USD,20230901 00:05:41.928,1.08426,1.08431
EUR/USD,20230901 00:05:42.571,1.08421,1.08436
EUR/USD,20230901 00:05:42.650,1.08426,1.08431
EUR/USD,20230901 00:05:55.548,1.08425,1.08431
EUR/USD,20230901 00:05:56.351,1.08425,1.0843
EUR/USD,20230901 00:05:56.445,1.08421,1.08435
EUR/USD,20230901 00:05:56.476,1.08419,1.08433
EUR/USD,20230901 00:05:56.507,1.08423,1.08429
EUR/USD,20230901 00:05:56.538,1.08417,1.08434
EUR/USD,20230901 00:05:56.757,1.08423,1.08429
EUR/USD,20230901 00:06:02.815,1.08416,1.08436
EUR/USD,20230901 00:06:02.830,1.08417,1.08433
EUR/USD,20230901 00:06:02.846,1.08423,1.08428
EUR/USD,20230901 00:06:02.862,1.08416,1.08434
EUR/USD,20230901 00:06:02.862,1.08423,1.08429
EUR/USD,20230901 00:06:04.380,1.08424,1.08429
EUR/USD,20230901 00:06:06.370,1.08417,1.08434
EUR/USD,20230901 00:06:06.526,1.08423,1.08429
EUR/USD,20230901 00:06:06.995,1.08416,1.08434
EUR/USD,20230901 00:06:06.995,1.08423,1.08429
EUR/USD,20230901 00:06:07.432,1.08417,1.08434
EUR/USD,20230901 00:06:07.996,1.08416,1.08434
EUR/USD,20230901 00:06:08.340,1.08416,1.08435
EUR/USD,20230901 00:06:08.371,1.08417,1.08434
EUR/USD,20230901 00:06:08.434,1.08423,1.08429
EUR/USD,20230901 00:06:09.752,1.08417,1.08434
EUR/USD,20230901 00:06:11.011,1.08423,1.08429
EUR/USD,20230901 00:06:11.389,1.08417,1.08433
EUR/USD,20230901 00:06:11.405,1.08422,1.08426
EUR/USD,20230901 00:06:11.436,1.08416,1.08432
EUR/USD,20230901 00:06:11.467,1.08416,1.08431
EUR/USD,20230901 00:06:11.467,1.08421,1.08426
EUR/USD,20230901 00:06:11.639,1.08416,1.08431
EUR/USD,20230901 00:06:11.702,1.08421,1.08426
EUR/USD,20230901 00:06:13.234,1.08415,1.08432
EUR/USD,20230901 00:06:13.864,1.08421,1.08426
EUR/USD,20230901 00:06:16.939,1.08415,1.08431
EUR/USD,20230901 00:06:16.954,1.08421,1.08425
EUR/USD,20230901 00:06:16.970,1.08412,1.08432
EUR/USD,20230901 00:06:16.986,1.08414,1.08431
EUR/USD,20230901 00:06:17.001,1.08421,1.08426
EUR/USD,20230901 00:06:20.663,1.0842,1.08425
EUR/USD,20230901 00:06:21.101,1.08419,1.08425
EUR/USD,20230901 00:06:30.374,1.08414,1.08432
EUR/USD,20230901 00:06:30.374,1.0842,1.08426
EUR/USD,20230901 00:06:31.235,1.08416,1.08432
EUR/USD,20230901 00:06:31.266,1.08421,1.08426
EUR/USD,20230901 00:06:31.719,1.08417,1.08434
EUR/USD,20230901 00:06:31.735,1.08418,1.08435
EUR/USD,20230901 00:06:31.766,1.08424,1.08429
EUR/USD,20230901 00:06:31.860,1.08419,1.08436
EUR/USD,20230901 00:06:31.985,1.08424,1.08429
EUR/USD,20230901 00:06:34.132,1.08425,1.08429
EUR/USD,20230901 00:06:34.306,1.08419,1.08435
EUR/USD,20230901 00:06:34.338,1.08416,1.08433
EUR/USD,20230901 00:06:34.353,1.08423,1.08427
EUR/USD,20230901 00:06:35.634,1.08423,1.08426
EUR/USD,20230901 00:06:39.742,1.08416,1.08433
EUR/USD,20230901 00:06:39.789,1.08423,1.08426
EUR/USD,20230901 00:06:42.849,1.08417,1.08434
EUR/USD,20230901 00:06:42.849,1.08425,1.08428
EUR/USD,20230901 00:06:42.880,1.08418,1.08435
EUR/USD,20230901 00:06:42.880,1.08425,1.08429
EUR/USD,20230901 00:06:42.927,1.08425,1.0843
EUR/USD,20230901 00:06:42.989,1.08417,1.08434
EUR/USD,20230901 00:06:42.989,1.08424,1.0843
EUR/USD,20230901 00:06:43.005,1.08417,1.08436
EUR/USD,20230901 00:06:43.099,1.08424,1.0843
EUR/USD,20230901 00:06:43.317,1.08415,1.08435
EUR/USD,20230901 00:06:43.333,1.08424,1.0843
EUR/USD,20230901 00:06:46.381,1.08416,1.08433
EUR/USD,20230901 00:06:46.412,1.08422,1.08426
EUR/USD,20230901 00:06:52.478,1.08414,1.08431
EUR/USD,20230901 00:06:52.478,1.0842,1.08425
EUR/USD,20230901 00:06:54.031,1.0842,1.08426
EUR/USD,20230901 00:06:55.913,1.0842,1.08425
EUR/USD,20230901 00:06:56.372,1.08413,1.0843
EUR/USD,20230901 00:06:56.403,1.08418,1.08422
EUR/USD,20230901 00:06:56.403,1.08411,1.08428
EUR/USD,20230901 00:06:56.513,1.08418,1.08422
EUR/USD,20230901 00:06:57.473,1.08417,1.08421
EUR/USD,20230901 00:06:59.214,1.08412,1.08428
EUR/USD,20230901 00:06:59.229,1.08418,1.08423
EUR/USD,20230901 00:06:59.245,1.08419,1.08424
EUR/USD,20230901 00:06:59.261,1.08413,1.0843
EUR/USD,20230901 00:06:59.276,1.08419,1.08424
EUR/USD,20230901 00:06:59.513,1.0842,1.08424
EUR/USD,20230901 00:07:00.267,1.08412,1.08431
EUR/USD,20230901 00:07:00.331,1.0841,1.08431
EUR/USD,20230901 00:07:00.347,1.08418,1.08424
EUR/USD,20230901 00:07:07.629,1.08411,1.08428
EUR/USD,20230901 00:07:07.644,1.08418,1.08424
EUR/USD,20230901 00:07:07.676,1.08418,1.08422
EUR/USD,20230901 00:07:07.691,1.08409,1.08428
EUR/USD,20230901 00:07:07.816,1.08418,1.08422
EUR/USD,20230901 00:07:07.881,1.08417,1.08421
EUR/USD,20230901 00:07:09.745,1.08409,1.08428
EUR/USD,20230901 00:07:10.485,1.08417,1.08421
EUR/USD,20230901 00:07:12.019,1.08416,1.08421
EUR/USD,20230901 00:07:12.223,1.0841,1.08426
EUR/USD,20230901 00:07:12.488,1.08416,1.08421
EUR/USD,20230901 00:07:13.979,1.0841,1.08426
EUR/USD,20230901 00:07:15.685,1.08416,1.08421
EUR/USD,20230901 00:07:16.217,1.08415,1.08421
EUR/USD,20230901 00:07:16.389,1.08408,1.08425
EUR/USD,20230901 00:07:16.404,1.08414,1.08417
EUR/USD,20230901 00:07:16.420,1.08407,1.08424
EUR/USD,20230901 00:07:16.451,1.08408,1.08425
EUR/USD,20230901 00:07:16.467,1.08415,1.08419
EUR/USD,20230901 00:07:16.482,1.08406,1.08425
EUR/USD,20230901 00:07:16.673,1.08415,1.08419
EUR/USD,20230901 00:07:17.611,1.08414,1.08419
EUR/USD,20230901 00:07:29.804,1.08406,1.08424
EUR/USD,20230901 00:07:29.804,1.08414,1.08418
EUR/USD,20230901 00:07:29.835,1.08412,1.08417
EUR/USD,20230901 00:07:29.960,1.08412,1.08416
EUR/USD,20230901 00:07:30.007,1.08406,1.08422
EUR/USD,20230901 00:07:30.007,1.08412,1.08416
EUR/USD,20230901 00:07:30.022,1.08404,1.08423
EUR/USD,20230901 00:07:30.179,1.08412,1.08416
EUR/USD,20230901 00:07:30.991,1.08411,1.08416
EUR/USD,20230901 00:07:31.384,1.08405,1.08422
EUR/USD,20230901 00:07:31.525,1.08411,1.08416
EUR/USD,20230901 00:07:32.311,1.08412,1.08416
EUR/USD,20230901 00:07:33.688,1.08411,1.08416
EUR/USD,20230901 00:07:38.488,1.08404,1.08421
EUR/USD,20230901 00:07:38.519,1.08403,1.0842
EUR/USD,20230901 00:07:38.519,1.0841,1.08415
EUR/USD,20230901 00:07:38.566,1.08409,1.08415
EUR/USD,20230901 00:07:38.566,1.08401,1.0842
EUR/USD,20230901 00:07:38.644,1.08409,1.08414
EUR/USD,20230901 00:07:39.101,1.084,1.08421
EUR/USD,20230901 00:07:39.101,1.08408,1.08413
EUR/USD,20230901 00:07:39.757,1.084,1.08421
EUR/USD,20230901 00:07:40.072,1.08408,1.08413
EUR/USD,20230901 00:07:40.544,1.08408,1.08414
EUR/USD,20230901 00:07:41.953,1.08404,1.08421
EUR/USD,20230901 00:07:41.984,1.0841,1.08415
EUR/USD,20230901 00:07:42.016,1.08403,1.08422
EUR/USD,20230901 00:07:42.016,1.08411,1.08416
EUR/USD,20230901 00:07:42.031,1.08406,1.08422
EUR/USD,20230901 00:07:42.125,1.08405,1.08425
EUR/USD,20230901 00:07:42.156,1.08405,1.08423
EUR/USD,20230901 00:07:42.172,1.08412,1.08418
EUR/USD,20230901 00:07:42.625,1.08405,1.08425
EUR/USD,20230901 00:07:42.656,1.08412,1.08418
EUR/USD,20230901 00:07:43.253,1.08413,1.08418
EUR/USD,20230901 00:07:44.381,1.08412,1.08418
EUR/USD,20230901 00:07:44.805,1.08405,1.08423
EUR/USD,20230901 00:07:44.805,1.08412,1.08416
EUR/USD,20230901 00:07:48.659,1.08405,1.08422
EUR/USD,20230901 00:07:48.706,1.08411,1.08416
EUR/USD,20230901 00:07:49.693,1.08406,1.08422
EUR/USD,20230901 00:07:49.849,1.08411,1.08416
EUR/USD,20230901 00:07:49.929,1.08406,1.08421
EUR/USD,20230901 00:07:49.929,1.08411,1.08415
EUR/USD,20230901 00:07:49.945,1.08404,1.0842
EUR/USD,20230901 00:07:49.960,1.08411,1.08416
EUR/USD,20230901 00:07:49.976,1.08404,1.08421
EUR/USD,20230901 00:07:50.102,1.08411,1.08416
EUR/USD,20230901 00:07:50.793,1.08411,1.08415
EUR/USD,20230901 00:07:50.840,1.08411,1.08416
EUR/USD,20230901 00:07:52.736,1.08405,1.08422
EUR/USD,20230901 00:07:52.768,1.08411,1.08416
EUR/USD,20230901 00:07:53.756,1.08407,1.08421
EUR/USD,20230901 00:07:53.819,1.08411,1.08416
EUR/USD,20230901 00:07:54.007,1.08408,1.08421
EUR/USD,20230901 00:07:54.038,1.0841,1.08422
EUR/USD,20230901 00:07:54.038,1.08415,1.08419
EUR/USD,20230901 00:07:54.085,1.08415,1.0842
EUR/USD,20230901 00:07:54.116,1.08409,1.08423
EUR/USD,20230901 00:07:54.257,1.08415,1.0842
EUR/USD,20230901 00:07:59.244,1.08416,1.0842
EUR/USD,20230901 00:08:00.186,1.0841,1.08426
EUR/USD,20230901 00:08:00.201,1.08416,1.0842
EUR/USD,20230901 00:08:00.282,1.08416,1.08421
EUR/USD,20230901 00:08:00.485,1.08417,1.08421
EUR/USD,20230901 00:08:01.849,1.0841,1.08426
EUR/USD,20230901 00:08:01.865,1.08409,1.08425
EUR/USD,20230901 00:08:01.927,1.08417,1.08421
EUR/USD,20230901 00:08:02.537,1.0841,1.08426
EUR/USD,20230901 00:08:02.646,1.08417,1.08421
EUR/USD,20230901 00:08:04.292,1.08416,1.0842
EUR/USD,20230901 00:08:04.576,1.08416,1.08421
EUR/USD,20230901 00:08:05.079,1.08416,1.0842
EUR/USD,20230901 00:08:05.579,1.08417,1.08421
EUR/USD,20230901 00:08:09.749,1.0841,1.08426
EUR/USD,20230901 00:08:12.225,1.08417,1.08421
EUR/USD,20230901 00:08:19.425,1.08409,1.08426
EUR/USD,20230901 00:08:19.737,1.0841,1.08426
EUR/USD,20230901 00:08:20.066,1.08417,1.08421
EUR/USD,20230901 00:08:20.300,1.08411,1.08427
EUR/USD,20230901 00:08:20.331,1.08414,1.08429
EUR/USD,20230901 00:08:20.331,1.0842,1.08423
EUR/USD,20230901 00:08:20.347,1.08414,1.08431
EUR/USD,20230901 00:08:20.378,1.08421,1.08427
EUR/USD,20230901 00:08:20.409,1.08415,1.0843
EUR/USD,20230901 00:08:20.409,1.08422,1.08425
EUR/USD,20230901 00:08:20.441,1.08413,1.08428
EUR/USD,20230901 00:08:20.456,1.08422,1.08422
EUR/USD,20230901 00:08:20.472,1.08419,1.08421
EUR/USD,20230901 00:08:20.487,1.08411,1.08428
EUR/USD,20230901 00:08:20.644,1.08419,1.08421
EUR/USD,20230901 00:08:21.693,1.08418,1.08421
EUR/USD,20230901 00:08:22.928,1.08417,1.08421
EUR/USD,20230901 00:08:29.181,1.08418,1.08421
EUR/USD,20230901 00:08:34.102,1.08412,1.08428
EUR/USD,20230901 00:08:34.117,1.08413,1.08429
EUR/USD,20230901 00:08:34.149,1.0842,1.08424
EUR/USD,20230901 00:08:34.180,1.08413,1.0843
EUR/USD,20230901 00:08:34.196,1.0842,1.08426
EUR/USD,20230901 00:08:35.278,1.08421,1.08426
EUR/USD,20230901 00:08:36.515,1.08422,1.08426
EUR/USD,20230901 00:08:36.750,1.08412,1.08431
EUR/USD,20230901 00:08:36.875,1.08422,1.08426
EUR/USD,20230901 00:08:37.390,1.08413,1.0843
EUR/USD,20230901 00:08:37.626,1.08412,1.08431
EUR/USD,20230901 00:08:38.036,1.08423,1.08426
EUR/USD,20230901 00:08:38.051,1.08413,1.0843
EUR/USD,20230901 00:08:38.193,1.08423,1.08426
EUR/USD,20230901 00:08:38.224,1.08412,1.08431
EUR/USD,20230901 00:08:38.791,1.08423,1.08426
EUR/USD,20230901 00:08:39.215,1.08422,1.08426
EUR/USD,20230901 00:08:39.746,1.08412,1.08431
EUR/USD,20230901 00:08:39.777,1.08422,1.08426
EUR/USD,20230901 00:08:40.778,1.08422,1.08425
EUR/USD,20230901 00:08:40.825,1.08422,1.08426
EUR/USD,20230901 00:08:41.155,1.08422,1.08425
EUR/USD,20230901 00:08:41.549,1.08422,1.08424
EUR/USD,20230901 00:08:41.549,1.08413,1.0843
EUR/USD,20230901 00:08:41.596,1.08422,1.08423
EUR/USD,20230901 00:08:42.271,1.0842,1.08423
EUR/USD,20230901 00:08:42.412,1.08419,1.08424
EUR/USD,20230901 00:08:42.427,1.08412,1.08431
EUR/USD,20230901 00:08:42.459,1.08419,1.08425
EUR/USD,20230901 00:08:42.492,1.08421,1.08425
EUR/USD,20230901 00:08:46.404,1.08414,1.0843
EUR/USD,20230901 00:08:46.435,1.08421,1.08426
EUR/USD,20230901 00:08:48.097,1.08415,1.0843
EUR/USD,20230901 00:08:48.129,1.08416,1.08433
EUR/USD,20230901 00:08:48.144,1.08423,1.08427
EUR/USD,20230901 00:08:48.191,1.08423,1.08428
EUR/USD,20230901 00:08:48.222,1.08415,1.08434
EUR/USD,20230901 00:08:48.238,1.08423,1.08429
EUR/USD,20230901 00:08:48.379,1.08424,1.08429
EUR/USD,20230901 00:08:48.867,1.08423,1.08429
EUR/USD,20230901 00:08:49.401,1.08417,1.08435
EUR/USD,20230901 00:08:49.417,1.08418,1.08435
EUR/USD,20230901 00:08:49.479,1.08424,1.08429
EUR/USD,20230901 00:08:49.729,1.08425,1.0843
EUR/USD,20230901 00:08:50.953,1.08417,1.08435
EUR/USD,20230901 00:08:50.953,1.08425,1.0843
EUR/USD,20230901 00:08:51.426,1.08425,1.08429
EUR/USD,20230901 00:08:53.459,1.08417,1.08436
EUR/USD,20230901 00:08:54.131,1.08425,1.08429
EUR/USD,20230901 00:08:54.147,1.08425,1.0843
EUR/USD,20230901 00:08:57.003,1.08418,1.08435
EUR/USD,20230901 00:08:57.112,1.08425,1.0843
EUR/USD,20230901 00:08:58.154,1.08426,1.0843
EUR/USD,20230901 00:09:00.514,1.08419,1.08437
EUR/USD,20230901 00:09:00.529,1.08426,1.08431
EUR/USD,20230901 00:09:04.137,1.08425,1.08431
EUR/USD,20230901 00:09:08.284,1.08419,1.08436
EUR/USD,20230901 00:09:08.976,1.08425,1.08431
EUR/USD,20230901 00:09:09.742,1.08419,1.08436
EUR/USD,20230901 00:09:10.399,1.08425,1.08431
EUR/USD,20230901 00:09:13.065,1.0842,1.08436
EUR/USD,20230901 00:09:13.143,1.08425,1.08431
EUR/USD,20230901 00:09:14.130,1.08426,1.08431
EUR/USD,20230901 00:09:23.048,1.08419,1.08436
EUR/USD,20230901 00:09:24.054,1.08426,1.0843
EUR/USD,20230901 00:09:25.432,1.08418,1.08437
EUR/USD,20230901 00:09:25.495,1.08426,1.0843
EUR/USD,20230901 00:09:25.745,1.08418,1.08437
EUR/USD,20230901 00:09:25.745,1.08424,1.0843
EUR/USD,20230901 00:09:25.776,1.08417,1.08435
EUR/USD,20230901 00:09:25.807,1.08418,1.08435
EUR/USD,20230901 00:09:25.807,1.08425,1.0843
EUR/USD,20230901 00:09:25.870,1.08426,1.0843
EUR/USD,20230901 00:09:26.718,1.08419,1.08436
EUR/USD,20230901 00:09:26.733,1.08426,1.08431
EUR/USD,20230901 00:09:26.733,1.08421,1.08437
EUR/USD,20230901 00:09:26.765,1.08428,1.08432
EUR/USD,20230901 00:09:26.780,1.08422,1.08438
EUR/USD,20230901 00:09:26.812,1.08428,1.08434
EUR/USD,20230901 00:09:26.843,1.08421,1.0844
EUR/USD,20230901 00:09:26.921,1.08428,1.08434
EUR/USD,20230901 00:09:27.733,1.08428,1.08433
EUR/USD,20230901 00:09:27.733,1.08421,1.08441
EUR/USD,20230901 00:09:27.765,1.08424,1.0844
EUR/USD,20230901 00:09:27.765,1.08429,1.08433
EUR/USD,20230901 00:09:27.780,1.08429,1.08434
EUR/USD,20230901 00:09:27.812,1.0843,1.08435
EUR/USD,20230901 00:09:29.129,1.0843,1.08436
EUR/USD,20230901 00:09:29.207,1.08423,1.08442
EUR/USD,20230901 00:09:29.254,1.0843,1.08436
EUR/USD,20230901 00:09:29.269,1.08423,1.08444
EUR/USD,20230901 00:09:29.300,1.08425,1.08443
EUR/USD,20230901 00:09:29.413,1.0843,1.08436
EUR/USD,20230901 00:09:29.710,1.08431,1.08436
EUR/USD,20230901 00:09:29.741,1.08427,1.08441
EUR/USD,20230901 00:09:29.819,1.08431,1.08436
EUR/USD,20230901 00:09:30.038,1.08432,1.08436
EUR/USD,20230901 00:09:30.210,1.08431,1.08436
EUR/USD,20230901 00:09:30.226,1.08426,1.08439
EUR/USD,20230901 00:09:30.226,1.0843,1.08435
EUR/USD,20230901 00:09:30.288,1.0843,1.08436
EUR/USD,20230901 00:09:30.981,1.08425,1.08439
EUR/USD,20230901 00:09:31.043,1.08425,1.08441
EUR/USD,20230901 00:09:31.043,1.0843,1.08436
EUR/USD,20230901 00:09:32.328,1.08425,1.08439
EUR/USD,20230901 00:09:32.344,1.08424,1.0844
EUR/USD,20230901 00:09:32.391,1.08425,1.08439
EUR/USD,20230901 00:09:32.438,1.08424,1.08441
EUR/USD,20230901 00:09:32.517,1.0843,1.08436
EUR/USD,20230901 00:09:34.746,1.08426,1.08439
EUR/USD,20230901 00:09:35.390,1.08426,1.08441
EUR/USD,20230901 00:09:35.484,1.08426,1.0844
EUR/USD,20230901 00:09:35.562,1.0843,1.08436
EUR/USD,20230901 00:09:36.348,1.08426,1.08441
EUR/USD,20230901 00:09:36.379,1.08426,1.0844
EUR/USD,20230901 00:09:36.395,1.0843,1.08436
EUR/USD,20230901 00:09:36.395,1.08426,1.08441
EUR/USD,20230901 00:09:37.726,1.08426,1.08439
EUR/USD,20230901 00:09:37.726,1.0843,1.08436
EUR/USD,20230901 00:09:38.135,1.08427,1.08439
EUR/USD,20230901 00:09:38.135,1.0843,1.08436
EUR/USD,20230901 00:09:38.229,1.08426,1.08439
EUR/USD,20230901 00:09:38.260,1.0843,1.08436
EUR/USD,20230901 00:09:38.323,1.08427,1.08439
EUR/USD,20230901 00:09:38.401,1.0843,1.08436
EUR/USD,20230901 00:09:38.792,1.0843,1.08435
EUR/USD,20230901 00:09:38.979,1.08426,1.08439
EUR/USD,20230901 00:09:39.339,1.08426,1.08441
EUR/USD,20230901 00:09:39.464,1.08431,1.08436
EUR/USD,20230901 00:09:39.745,1.08426,1.08441
EUR/USD,20230901 00:09:39.826,1.08431,1.08436
EUR/USD,20230901 00:09:40.596,1.0843,1.08436
EUR/USD,20230901 00:09:40.801,1.08425,1.08441
EUR/USD,20230901 00:09:40.816,1.0843,1.08436
EUR/USD,20230901 00:09:40.972,1.08424,1.08442
EUR/USD,20230901 00:09:42.357,1.0843,1.08436
EUR/USD,20230901 00:09:42.436,1.08426,1.08442
EUR/USD,20230901 00:09:42.467,1.08431,1.08436
EUR/USD,20230901 00:09:42.732,1.08427,1.08441
EUR/USD,20230901 00:09:42.811,1.08431,1.08436
EUR/USD,20230901 00:09:44.238,1.08426,1.08442
EUR/USD,20230901 00:09:44.363,1.08431,1.08436
EUR/USD,20230901 00:09:44.426,1.08425,1.0844
EUR/USD,20230901 00:09:44.441,1.0843,1.08435
EUR/USD,20230901 00:09:44.943,1.08424,1.08442
EUR/USD,20230901 00:09:44.974,1.0843,1.08435
EUR/USD,20230901 00:09:45.210,1.08431,1.08436
EUR/USD,20230901 00:09:45.305,1.08426,1.08442
EUR/USD,20230901 00:09:45.321,1.08426,1.08443
EUR/USD,20230901 00:09:45.336,1.08432,1.08436
EUR/USD,20230901 00:09:48.980,1.08425,1.08444
EUR/USD,20230901 00:09:48.980,1.08432,1.08436
EUR/USD,20230901 00:09:49.230,1.08426,1.08442
EUR/USD,20230901 00:09:49.246,1.08429,1.08432
EUR/USD,20230901 00:09:49.246,1.08423,1.08439
EUR/USD,20230901 00:09:49.277,1.08421,1.0844
EUR/USD,20230901 00:09:49.292,1.08428,1.08432
EUR/USD,20230901 00:09:49.308,1.08427,1.08431
EUR/USD,20230901 00:09:49.308,1.08422,1.08438
EUR/USD,20230901 00:09:49.339,1.0842,1.08437
EUR/USD,20230901 00:09:49.339,1.08426,1.08431
EUR/USD,20230901 00:09:49.355,1.08419,1.08436
EUR/USD,20230901 00:09:49.355,1.08426,1.08428
EUR/USD,20230901 00:09:49.371,1.08418,1.08435
EUR/USD,20230901 00:09:49.402,1.08416,1.08433
EUR/USD,20230901 00:09:49.417,1.08424,1.08428
EUR/USD,20230901 00:09:49.433,1.08422,1.08426
EUR/USD,20230901 00:09:49.496,1.08417,1.08433
EUR/USD,20230901 00:09:49.527,1.08422,1.08426
EUR/USD,20230901 00:09:49.699,1.08417,1.08432
EUR/USD,20230901 00:09:49.761,1.08422,1.08426
EUR/USD,20230901 00:09:49.792,1.08415,1.08431
EUR/USD,20230901 00:09:49.808,1.0842,1.08426
EUR/USD,20230901 00:09:49.902,1.0842,1.08425
EUR/USD,20230901 00:09:49.933,1.0842,1.08426
EUR/USD,20230901 00:09:49.996,1.08415,1.08432
EUR/USD,20230901 00:09:50.058,1.0842,1.08426
EUR/USD,20230901 00:09:51.239,1.08421,1.08426
EUR/USD,20230901 00:09:52.664,1.0842,1.08426
EUR/USD,20230901 00:09:54.783,1.08415,1.08431
EUR/USD,20230901 00:09:54.815,1.08413,1.0843
EUR/USD,20230901 00:09:54.846,1.0842,1.08423
EUR/USD,20230901 00:09:54.846,1.08412,1.08428
EUR/USD,20230901 00:09:54.908,1.08418,1.08422
EUR/USD,20230901 00:09:57.865,1.08412,1.08427
EUR/USD,20230901 00:09:58.006,1.08418,1.08422
EUR/USD,20230901 00:09:58.762,1.08417,1.08421
EUR/USD,20230901 00:10:00.723,1.08412,1.08427
EUR/USD,20230901 00:10:01.210,1.08417,1.08421
EUR/USD,20230901 00:10:01.304,1.08412,1.08427
EUR/USD,20230901 00:10:01.319,1.08417,1.08421
EUR/USD,20230901 00:10:01.526,1.08412,1.08427
EUR/USD,20230901 00:10:01.885,1.08417,1.08421
EUR/USD,20230901 00:10:02.135,1.08412,1.08427
EUR/USD,20230901 00:10:02.213,1.08417,1.08421
EUR/USD,20230901 00:10:02.307,1.08416,1.08421
EUR/USD,20230901 00:10:02.557,1.0841,1.08426
EUR/USD,20230901 00:10:02.588,1.08416,1.0842
EUR/USD,20230901 00:10:02.588,1.08409,1.08427
EUR/USD,20230901 00:10:02.604,1.08416,1.08421
EUR/USD,20230901 00:10:03.046,1.0841,1.08426
EUR/USD,20230901 00:10:03.124,1.08408,1.08425
EUR/USD,20230901 00:10:03.140,1.08407,1.08426
EUR/USD,20230901 00:10:03.140,1.08416,1.0842
EUR/USD,20230901 00:10:03.202,1.08415,1.0842
EUR/USD,20230901 00:10:03.784,1.08407,1.08427
EUR/USD,20230901 00:10:03.909,1.08415,1.0842
EUR/USD,20230901 00:10:05.065,1.08415,1.08421
EUR/USD,20230901 00:10:05.583,1.08407,1.08426
EUR/USD,20230901 00:10:05.599,1.08406,1.08423
EUR/USD,20230901 00:10:05.599,1.08413,1.08417
EUR/USD,20230901 00:10:05.693,1.08406,1.08422
EUR/USD,20230901 00:10:05.693,1.08412,1.08416
EUR/USD,20230901 00:10:05.708,1.08411,1.08416
EUR/USD,20230901 00:10:06.867,1.08412,1.08416
EUR/USD,20230901 00:10:07.056,1.08404,1.08423
EUR/USD,20230901 00:10:07.072,1.08411,1.08416
EUR/USD,20230901 00:10:07.088,1.0841,1.08416
EUR/USD,20230901 00:10:07.213,1.08406,1.08422
EUR/USD,20230901 00:10:07.244,1.08411,1.08416
EUR/USD,20230901 00:10:07.291,1.08412,1.08416
EUR/USD,20230901 00:10:09.754,1.08406,1.08422
EUR/USD,20230901 00:10:09.819,1.08412,1.08416
EUR/USD,20230901 00:10:09.991,1.08406,1.08422
EUR/USD,20230901 00:10:10.022,1.08409,1.08426
EUR/USD,20230901 00:10:10.022,1.08414,1.08419
EUR/USD,20230901 00:10:10.053,1.08414,1.0842
EUR/USD,20230901 00:10:10.085,1.08415,1.0842
EUR/USD,20230901 00:10:10.085,1.08408,1.08427
EUR/USD,20230901 00:10:10.100,1.08416,1.0842
EUR/USD,20230901 00:10:10.116,1.08416,1.08421
EUR/USD,20230901 00:10:12.627,1.08409,1.08426
EUR/USD,20230901 00:10:12.768,1.08416,1.08421
EUR/USD,20230901 00:10:12.815,1.08416,1.0842
EUR/USD,20230901 00:10:12.862,1.08416,1.08421
EUR/USD,20230901 00:10:16.895,1.08409,1.08425
EUR/USD,20230901 00:10:16.895,1.08416,1.08419
EUR/USD,20230901 00:10:16.911,1.08409,1.08426
EUR/USD,20230901 00:10:16.926,1.08416,1.08421
EUR/USD,20230901 00:10:16.942,1.08416,1.0842
EUR/USD,20230901 00:10:16.973,1.08416,1.08421
EUR/USD,20230901 00:10:17.223,1.08408,1.08428
EUR/USD,20230901 00:10:17.254,1.08416,1.08421
EUR/USD,20230901 00:10:20.620,1.0841,1.08427
EUR/USD,20230901 00:10:20.651,1.08416,1.08421
EUR/USD,20230901 00:10:20.856,1.08418,1.08422
EUR/USD,20230901 00:10:21.983,1.08417,1.08421
EUR/USD,20230901 00:10:23.612,1.08411,1.08427
EUR/USD,20230901 00:10:23.627,1.08413,1.08429
EUR/USD,20230901 00:10:23.643,1.08417,1.08423
EUR/USD,20230901 00:10:23.643,1.08411,1.0843
EUR/USD,20230901 00:10:23.721,1.08419,1.08423
EUR/USD,20230901 00:10:24.762,1.08411,1.08428
EUR/USD,20230901 00:10:24.809,1.08418,1.08423
EUR/USD,20230901 00:10:28.776,1.08418,1.08422
EUR/USD,20230901 00:10:30.857,1.08417,1.08421
EUR/USD,20230901 00:10:32.304,1.08417,1.08422
EUR/USD,20230901 00:10:33.106,1.08418,1.08422
EUR/USD,20230901 00:10:34.031,1.08411,1.08427
EUR/USD,20230901 00:10:34.125,1.08417,1.08421
EUR/USD,20230901 00:10:34.330,1.08409,1.08426
EUR/USD,20230901 00:10:34.346,1.08416,1.0842
EUR/USD,20230901 00:10:37.109,1.08409,1.08428
EUR/USD,20230901 00:10:37.249,1.08416,1.0842
EUR/USD,20230901 00:10:39.742,1.08409,1.08428
EUR/USD,20230901 00:10:40.023,1.08416,1.0842
EUR/USD,20230901 00:10:40.430,1.08416,1.08421
EUR/USD,20230901 00:10:40.492,1.08416,1.0842
EUR/USD,20230901 00:10:41.166,1.08415,1.0842
EUR/USD,20230901 00:10:41.213,1.08408,1.08425
EUR/USD,20230901 00:10:41.228,1.08407,1.08426
EUR/USD,20230901 00:10:41.260,1.08415,1.08419
EUR/USD,20230901 00:10:42.199,1.08408,1.08424
EUR/USD,20230901 00:10:42.388,1.08409,1.08423
EUR/USD,20230901 00:10:42.388,1.08414,1.08419
EUR/USD,20230901 00:10:42.404,1.08414,1.08417
EUR/USD,20230901 00:10:42.404,1.08408,1.08422
EUR/USD,20230901 00:10:42.436,1.08412,1.08416
EUR/USD,20230901 00:10:42.779,1.08407,1.08422
EUR/USD,20230901 00:10:42.795,1.08412,1.08416
EUR/USD,20230901 00:10:42.811,1.08408,1.08422
EUR/USD,20230901 00:10:42.921,1.08412,1.08416
EUR/USD,20230901 00:10:43.296,1.08408,1.08421
EUR/USD,20230901 00:10:43.390,1.08412,1.08416
EUR/USD,20230901 00:10:43.937,1.08408,1.08422
EUR/USD,20230901 00:10:43.984,1.08413,1.08418
EUR/USD,20230901 00:10:46.728,1.08408,1.08423
EUR/USD,20230901 00:10:46.775,1.08413,1.08418
EUR/USD,20230901 00:10:48.533,1.08408,1.08422
EUR/USD,20230901 00:10:48.549,1.08413,1.08417
EUR/USD,20230901 00:10:48.549,1.08408,1.08421
EUR/USD,20230901 00:10:48.596,1.08412,1.08416
EUR/USD,20230901 00:10:49.129,1.08412,1.08417
EUR/USD,20230901 00:10:49.192,1.08413,1.08417
EUR/USD,20230901 00:10:51.702,1.08412,1.08417
EUR/USD,20230901 00:10:51.784,1.08408,1.08422
EUR/USD,20230901 00:10:51.831,1.08412,1.08417
EUR/USD,20230901 00:10:55.406,1.08412,1.08416
EUR/USD,20230901 00:10:56.522,1.08412,1.08417
EUR/USD,20230901 00:10:56.960,1.08408,1.08421
EUR/USD,20230901 00:10:57.053,1.08412,1.08417
EUR/USD,20230901 00:11:00.291,1.08412,1.08416
EUR/USD,20230901 00:11:00.497,1.08409,1.08422
EUR/USD,20230901 00:11:00.512,1.08413,1.08418
EUR/USD,20230901 00:11:00.512,1.0841,1.08423
EUR/USD,20230901 00:11:00.543,1.08411,1.08424
EUR/USD,20230901 00:11:00.559,1.08416,1.0842
EUR/USD,20230901 00:11:00.622,1.08411,1.08426
EUR/USD,20230901 00:11:00.715,1.08416,1.08421
EUR/USD,20230901 00:11:00.842,1.08412,1.08425
EUR/USD,20230901 00:11:00.920,1.08416,1.08421
EUR/USD,20230901 00:11:01.030,1.08418,1.08422
EUR/USD,20230901 00:11:01.061,1.08412,1.08428
EUR/USD,20230901 00:11:01.202,1.08418,1.08422
EUR/USD,20230901 00:11:01.342,1.08419,1.08422
EUR/USD,20230901 00:11:01.423,1.08419,1.08423
EUR/USD,20230901 00:11:01.534,1.08418,1.08423
EUR/USD,20230901 00:11:01.971,1.08412,1.08427
EUR/USD,20230901 00:11:01.987,1.08416,1.08421
EUR/USD,20230901 00:11:01.987,1.08412,1.08424
EUR/USD,20230901 00:11:02.003,1.08416,1.0842
EUR/USD,20230901 00:11:02.535,1.0841,1.08424
EUR/USD,20230901 00:11:02.566,1.08415,1.0842
EUR/USD,20230901 00:11:04.654,1.08409,1.08425
EUR/USD,20230901 00:11:05.157,1.08415,1.0842
EUR/USD,20230901 00:11:07.090,1.0841,1.08424
EUR/USD,20230901 00:11:07.701,1.08415,1.0842
EUR/USD,20230901 00:11:08.920,1.08411,1.08424
EUR/USD,20230901 00:11:09.014,1.08415,1.0842
EUR/USD,20230901 00:11:09.186,1.0841,1.08424
EUR/USD,20230901 00:11:09.362,1.08415,1.0842
EUR/USD,20230901 00:11:09.752,1.0841,1.08424
EUR/USD,20230901 00:11:10.065,1.08415,1.0842
EUR/USD,20230901 00:11:13.274,1.0841,1.08426
EUR/USD,20230901 00:11:13.305,1.08411,1.08426
EUR/USD,20230901 00:11:13.367,1.08416,1.08421
EUR/USD,20230901 00:11:13.603,1.08412,1.08426
EUR/USD,20230901 00:11:13.603,1.08416,1.08421
EUR/USD,20230901 00:11:14.949,1.08417,1.08421
EUR/USD,20230901 00:11:16.454,1.08411,1.08426
EUR/USD,20230901 00:11:16.485,1.08412,1.08426
EUR/USD,20230901 00:11:16.751,1.08417,1.08421
EUR/USD,20230901 00:11:18.407,1.08416,1.08421
EUR/USD,20230901 00:11:20.474,1.08411,1.08426
EUR/USD,20230901 00:11:21.509,1.08416,1.08421
EUR/USD,20230901 00:11:24.033,1.08411,1.08425
EUR/USD,20230901 00:11:24.080,1.08416,1.0842
EUR/USD,20230901 00:11:25.243,1.08415,1.0842
EUR/USD,20230901 00:11:26.935,1.08412,1.08424
EUR/USD,20230901 00:11:27.138,1.08415,1.0842
EUR/USD,20230901 00:11:30.609,1.08413,1.08424
EUR/USD,20230901 00:11:30.812,1.08415,1.0842
EUR/USD,20230901 00:11:36.158,1.08415,1.08421
EUR/USD,20230901 00:11:36.220,1.08416,1.08421
EUR/USD,20230901 00:11:36.220,1.08413,1.08425
EUR/USD,20230901 00:11:36.267,1.08416,1.08421
EUR/USD,20230901 00:11:37.099,1.08414,1.08424
EUR/USD,20230901 00:11:37.146,1.08416,1.08421
EUR/USD,20230901 00:11:39.747,1.08414,1.08424
EUR/USD,20230901 00:11:39.794,1.08416,1.08421
EUR/USD,20230901 00:11:46.817,1.08412,1.08423
EUR/USD,20230901 00:11:46.833,1.08416,1.0842
EUR/USD,20230901 00:11:47.224,1.08415,1.0842
EUR/USD,20230901 00:11:55.248,1.08412,1.08424
EUR/USD,20230901 00:11:56.170,1.08412,1.08422
EUR/USD,20230901 00:11:56.201,1.08415,1.08419
EUR/USD,20230901 00:11:56.232,1.0841,1.08422
EUR/USD,20230901 00:11:56.326,1.08415,1.08419
EUR/USD,20230901 00:11:56.923,1.08411,1.08423
EUR/USD,20230901 00:11:56.954,1.08415,1.08419
EUR/USD,20230901 00:11:57.347,1.08415,1.0842
EUR/USD,20230901 00:11:57.930,1.08416,1.0842
EUR/USD,20230901 00:11:58.040,1.08411,1.08425
EUR/USD,20230901 00:11:58.903,1.08416,1.0842
EUR/USD,20230901 00:11:58.996,1.08413,1.08424
EUR/USD,20230901 00:11:58.996,1.08418,1.0842
EUR/USD,20230901 00:11:59.012,1.08415,1.08426
EUR/USD,20230901 00:11:59.028,1.08419,1.08423
EUR/USD,20230901 00:11:59.043,1.08416,1.08427
EUR/USD,20230901 00:11:59.059,1.0842,1.08424
EUR/USD,20230901 00:12:03.053,1.08415,1.08427
EUR/USD,20230901 00:12:03.068,1.0842,1.08423
EUR/USD,20230901 00:12:03.084,1.08414,1.08425
EUR/USD,20230901 00:12:03.099,1.08418,1.08422
EUR/USD,20230901 00:12:04.999,1.08415,1.08427
EUR/USD,20230901 00:12:05.078,1.08418,1.08423
EUR/USD,20230901 00:12:05.078,1.08414,1.08425
EUR/USD,20230901 00:12:05.093,1.08418,1.08423
EUR/USD,20230901 00:12:07.457,1.08418,1.08422
EUR/USD,20230901 00:12:09.740,1.08414,1.08425
EUR/USD,20230901 00:12:10.274,1.08418,1.08421
EUR/USD,20230901 00:12:11.422,1.08414,1.08425
EUR/USD,20230901 00:12:11.422,1.08417,1.08421
EUR/USD,20230901 00:12:11.800,1.08415,1.08421
EUR/USD,20230901 00:12:12.832,1.08417,1.08421
EUR/USD,20230901 00:12:12.848,1.08417,1.08422
EUR/USD,20230901 00:12:14.069,1.08418,1.08422
EUR/USD,20230901 00:12:14.307,1.08417,1.08422
EUR/USD,20230901 00:12:15.184,1.08418,1.08422
EUR/USD,20230901 00:12:22.218,1.08418,1.08423
EUR/USD,20230901 00:12:22.359,1.08416,1.08426
EUR/USD,20230901 00:12:22.406,1.08419,1.08423
EUR/USD,20230901 00:12:26.088,1.08414,1.08427
EUR/USD,20230901 00:12:26.119,1.08414,1.08428
EUR/USD,20230901 00:12:26.590,1.08419,1.08423
EUR/USD,20230901 00:12:26.778,1.0842,1.08423
EUR/USD,20230901 00:12:26.981,1.08415,1.08429
EUR/USD,20230901 00:12:26.996,1.08416,1.08429
EUR/USD,20230901 00:12:27.012,1.0842,1.08425
EUR/USD,20230901 00:12:27.043,1.08421,1.08425
EUR/USD,20230901 00:12:28.254,1.0842,1.08425
EUR/USD,20230901 00:12:28.630,1.08415,1.08429
EUR/USD,20230901 00:12:28.709,1.0842,1.08425
EUR/USD,20230901 00:12:39.748,1.08415,1.08429
EUR/USD,20230901 00:12:40.248,1.08415,1.08428
EUR/USD,20230901 00:12:40.373,1.0842,1.08425
EUR/USD,20230901 00:12:40.514,1.08415,1.08427
EUR/USD,20230901 00:12:40.514,1.0842,1.08422
EUR/USD,20230901 00:12:40.545,1.08413,1.08426
EUR/USD,20230901 00:12:40.561,1.08412,1.08426
EUR/USD,20230901 00:12:40.561,1.08418,1.08422
EUR/USD,20230901 00:12:40.623,1.08412,1.08425
EUR/USD,20230901 00:12:40.639,1.08418,1.08421
EUR/USD,20230901 00:12:40.654,1.08416,1.08421
EUR/USD,20230901 00:12:40.686,1.08412,1.08424
EUR/USD,20230901 00:12:40.701,1.08416,1.0842
EUR/USD,20230901 00:12:40.717,1.08412,1.08425
EUR/USD,20230901 00:12:40.826,1.08416,1.0842
EUR/USD,20230901 00:12:42.001,1.08415,1.0842
EUR/USD,20230901 00:12:42.235,1.08416,1.08421
EUR/USD,20230901 00:12:42.485,1.08417,1.08421
EUR/USD,20230901 00:12:44.351,1.08416,1.08421
EUR/USD,20230901 00:12:47.086,1.08412,1.08425
EUR/USD,20230901 00:12:47.870,1.08412,1.08426
EUR/USD,20230901 00:12:47.885,1.08416,1.08421
EUR/USD,20230901 00:12:55.269,1.08411,1.08428
EUR/USD,20230901 00:12:55.284,1.08417,1.08422
EUR/USD,20230901 00:12:55.331,1.08418,1.08422
EUR/USD,20230901 00:12:55.441,1.08412,1.08429
EUR/USD,20230901 00:12:55.568,1.08419,1.08422
EUR/USD,20230901 00:12:55.693,1.08419,1.08424
EUR/USD,20230901 00:12:56.927,1.08413,1.08428
EUR/USD,20230901 00:12:57.256,1.08412,1.08429
EUR/USD,20230901 00:12:57.571,1.08412,1.08427
EUR/USD,20230901 00:12:57.602,1.08417,1.08421
EUR/USD,20230901 00:12:57.839,1.08417,1.08422
EUR/USD,20230901 00:12:58.620,1.08417,1.08421
EUR/USD,20230901 00:12:58.766,1.08418,1.08422
EUR/USD,20230901 00:13:00.570,1.08417,1.08421
EUR/USD,20230901 00:13:00.915,1.08413,1.08427
EUR/USD,20230901 00:13:01.199,1.08412,1.08427
EUR/USD,20230901 00:13:01.717,1.08413,1.08427
EUR/USD,20230901 00:13:01.826,1.08414,1.08427
EUR/USD,20230901 00:13:01.858,1.08416,1.08428
EUR/USD,20230901 00:13:01.873,1.08421,1.08423
EUR/USD,20230901 00:13:01.873,1.08417,1.0843
EUR/USD,20230901 00:13:01.905,1.08421,1.08425
EUR/USD,20230901 00:13:02.014,1.08416,1.0843
EUR/USD,20230901 00:13:02.030,1.08415,1.08428
EUR/USD,20230901 00:13:02.045,1.08419,1.08424
EUR/USD,20230901 00:13:03.155,1.0842,1.08424
EUR/USD,20230901 00:13:04.772,1.08418,1.08424
EUR/USD,20230901 00:13:04.819,1.08414,1.08428
EUR/USD,20230901 00:13:04.929,1.08418,1.08424
EUR/USD,20230901 00:13:05.949,1.08413,1.08429
EUR/USD,20230901 00:13:05.996,1.08418,1.08424
EUR/USD,20230901 00:13:07.171,1.08419,1.08424
EUR/USD,20230901 00:13:07.296,1.08418,1.08424
EUR/USD,20230901 00:13:09.182,1.08419,1.08424
EUR/USD,20230901 00:13:09.748,1.08413,1.08429
EUR/USD,20230901 00:13:11.668,1.08419,1.08424
EUR/USD,20230901 00:13:12.045,1.08413,1.08427
EUR/USD,20230901 00:13:12.077,1.08419,1.08422
EUR/USD,20230901 00:13:12.170,1.08419,1.08423
EUR/USD,20230901 00:13:13.065,1.08418,1.08423
EUR/USD,20230901 00:13:14.242,1.08415,1.08429
EUR/USD,20230901 00:13:14.242,1.0842,1.08423
EUR/USD,20230901 00:13:14.304,1.0842,1.08425
EUR/USD,20230901 00:13:16.894,1.08421,1.08425
EUR/USD,20230901 00:13:18.316,1.0842,1.08425
EUR/USD,20230901 00:13:18.925,1.08413,1.08428
EUR/USD,20230901 00:13:18.925,1.08418,1.08422
EUR/USD,20230901 00:13:18.941,1.08413,1.08428
EUR/USD,20230901 00:13:18.972,1.08418,1.08423
EUR/USD,20230901 00:13:19.019,1.08418,1.08422
EUR/USD,20230901 00:13:19.863,1.08412,1.08426
EUR/USD,20230901 00:13:19.878,1.08417,1.08421
EUR/USD,20230901 00:13:19.894,1.08412,1.08425
EUR/USD,20230901 00:13:19.925,1.08416,1.08421
EUR/USD,20230901 00:13:20.613,1.0841,1.08426
EUR/USD,20230901 00:13:20.659,1.08416,1.08421
EUR/USD,20230901 00:13:21.993,1.0841,1.08425
EUR/USD,20230901 00:13:22.008,1.08416,1.08421
EUR/USD,20230901 00:13:23.246,1.0841,1.08424
EUR/USD,20230901 00:13:23.262,1.08416,1.0842
EUR/USD,20230901 00:13:23.403,1.08409,1.08425
EUR/USD,20230901 00:13:23.481,1.08416,1.0842
EUR/USD,20230901 00:13:23.668,1.08415,1.0842
EUR/USD,20230901 00:13:23.763,1.08415,1.08419
EUR/USD,20230901 00:13:23.763,1.08409,1.08423
EUR/USD,20230901 00:13:23.779,1.08413,1.08417
EUR/USD,20230901 00:13:23.795,1.08409,1.08422
EUR/USD,20230901 00:13:23.891,1.08413,1.08417
EUR/USD,20230901 00:13:24.612,1.08413,1.08418
EUR/USD,20230901 00:13:24.925,1.08414,1.08418
EUR/USD,20230901 00:13:26.050,1.08408,1.08422
EUR/USD,20230901 00:13:26.143,1.08414,1.08418
EUR/USD,20230901 00:13:26.695,1.08409,1.08422
EUR/USD,20230901 00:13:26.898,1.08414,1.08418
EUR/USD,20230901 00:13:27.038,1.0841,1.08424
EUR/USD,20230901 00:13:27.054,1.08411,1.08424
EUR/USD,20230901 00:13:27.085,1.08416,1.0842
EUR/USD,20230901 00:13:27.601,1.08416,1.08421
EUR/USD,20230901 00:13:30.580,1.08417,1.08421
EUR/USD,20230901 00:13:32.982,1.08416,1.0842
EUR/USD,20230901 00:13:33.688,1.08411,1.08426
EUR/USD,20230901 00:13:33.688,1.08416,1.08421
EUR/USD,20230901 00:13:33.719,1.08418,1.08422
EUR/USD,20230901 00:13:35.041,1.08417,1.08421
EUR/USD,20230901 00:13:39.761,1.08411,1.08426
EUR/USD,20230901 00:13:39.808,1.08417,1.08421
EUR/USD,20230901 00:13:43.037,1.08417,1.08422
EUR/USD,20230901 00:13:45.612,1.08417,1.08421
EUR/USD,20230901 00:13:46.254,1.08417,1.08422
EUR/USD,20230901 00:13:47.462,1.08417,1.08421
EUR/USD,20230901 00:13:47.587,1.08417,1.08422
EUR/USD,20230901 00:13:47.775,1.08417,1.08421
EUR/USD,20230901 00:13:52.547,1.08413,1.08426
EUR/USD,20230901 00:13:52.578,1.08417,1.08422
EUR/USD,20230901 00:13:53.753,1.08418,1.08422
EUR/USD,20230901 00:13:54.913,1.08417,1.08421
EUR/USD,20230901 00:13:55.998,1.08417,1.08422
EUR/USD,20230901 00:13:56.814,1.08417,1.08421
EUR/USD,20230901 00:14:06.327,1.08416,1.08421
EUR/USD,20230901 00:14:07.447,1.08417,1.08421
EUR/USD,20230901 00:14:09.753,1.08413,1.08426
EUR/USD,20230901 00:14:09.878,1.08417,1.08421
EUR/USD,20230901 00:14:10.394,1.08415,1.08421
EUR/USD,20230901 00:14:11.050,1.08411,1.08425
EUR/USD,20230901 00:14:11.081,1.08415,1.0842
EUR/USD,20230901 00:14:11.599,1.08414,1.0842
EUR/USD,20230901 00:14:12.349,1.08409,1.08423
EUR/USD,20230901 00:14:12.365,1.08408,1.08422
EUR/USD,20230901 00:14:12.412,1.08413,1.08416
EUR/USD,20230901 00:14:12.459,1.08412,1.08416
EUR/USD,20230901 00:14:14.701,1.08412,1.08415
EUR/USD,20230901 00:14:14.779,1.08407,1.08421
EUR/USD,20230901 00:14:14.810,1.08412,1.08416
EUR/USD,20230901 00:14:15.123,1.08411,1.08415
EUR/USD,20230901 00:14:15.138,1.08411,1.08416
EUR/USD,20230901 00:14:15.170,1.08411,1.08415
EUR/USD,20230901 00:14:15.170,1.08411,1.08416
EUR/USD,20230901 00:14:17.133,1.08412,1.08416
EUR/USD,20230901 00:14:17.430,1.08408,1.08421
EUR/USD,20230901 00:14:17.742,1.08409,1.08422
EUR/USD,20230901 00:14:17.758,1.08412,1.08417
EUR/USD,20230901 00:14:18.305,1.08413,1.08417
EUR/USD,20230901 00:14:19.227,1.08408,1.08422
EUR/USD,20230901 00:14:19.383,1.08413,1.08417
EUR/USD,20230901 00:14:22.767,1.08409,1.08422
EUR/USD,20230901 00:14:22.783,1.08412,1.08417
EUR/USD,20230901 00:14:23.270,1.08412,1.08416
EUR/USD,20230901 00:14:23.270,1.08408,1.08422
EUR/USD,20230901 00:14:23.412,1.08412,1.08416
EUR/USD,20230901 00:14:25.549,1.08406,1.08423
EUR/USD,20230901 00:14:25.862,1.08408,1.08423
EUR/USD,20230901 00:14:25.862,1.08412,1.08417
EUR/USD,20230901 00:14:25.893,1.08412,1.08416
EUR/USD,20230901 00:14:25.940,1.08412,1.08417
EUR/USD,20230901 00:14:25.987,1.08412,1.08416
EUR/USD,20230901 00:14:27.839,1.08408,1.08422
EUR/USD,20230901 00:14:27.889,1.08412,1.08416
EUR/USD,20230901 00:14:29.692,1.08408,1.08423
EUR/USD,20230901 00:14:29.974,1.08406,1.08423
EUR/USD,20230901 00:14:29.990,1.08407,1.08421
EUR/USD,20230901 00:14:30.021,1.08411,1.08415
EUR/USD,20230901 00:14:30.432,1.0841,1.08415
EUR/USD,20230901 00:14:30.635,1.08404,1.08421
EUR/USD,20230901 00:14:30.651,1.0841,1.08413
EUR/USD,20230901 00:14:30.651,1.08403,1.08419
EUR/USD,20230901 00:14:30.682,1.08402,1.08418
EUR/USD,20230901 00:14:30.682,1.08408,1.08413
EUR/USD,20230901 00:14:30.729,1.08408,1.08411
EUR/USD,20230901 00:14:30.791,1.08407,1.08411
EUR/USD,20230901 00:14:31.088,1.08402,1.08418
EUR/USD,20230901 00:14:31.104,1.08407,1.08411
EUR/USD,20230901 00:14:33.147,1.0841,1.08412
EUR/USD,20230901 00:14:33.179,1.08409,1.08411
EUR/USD,20230901 00:14:33.540,1.08409,1.08412
EUR/USD,20230901 00:14:33.555,1.08409,1.08413
EUR/USD,20230901 00:14:33.649,1.08409,1.08412
EUR/USD,20230901 00:14:34.133,1.0841,1.08412
EUR/USD,20230901 00:14:36.612,1.08402,1.08417
EUR/USD,20230901 00:14:36.612,1.0841,1.08412
EUR/USD,20230901 00:14:37.161,1.08409,1.08411
EUR/USD,20230901 00:14:39.749,1.08402,1.08417
EUR/USD,20230901 00:14:42.039,1.08409,1.08411
EUR/USD,20230901 00:14:44.142,1.08408,1.08411
EUR/USD,20230901 00:14:44.205,1.08407,1.08411
EUR/USD,20230901 00:14:44.346,1.08406,1.08411
EUR/USD,20230901 00:14:44.378,1.08405,1.0841
EUR/USD,20230901 00:14:44.471,1.08405,1.08411
EUR/USD,20230901 00:14:44.755,1.08406,1.08411
EUR/USD,20230901 00:14:46.605,1.08402,1.08417
EUR/USD,20230901 00:14:49.499,1.08406,1.08411
EUR/USD,20230901 00:14:50.345,1.08406,1.0841
EUR/USD,20230901 00:14:52.121,1.084,1.08416
EUR/USD,20230901 00:14:52.136,1.08404,1.08406
EUR/USD,20230901 00:14:52.136,1.08397,1.08414
EUR/USD,20230901 00:14:52.167,1.08396,1.08413
EUR/USD,20230901 00:14:52.214,1.08402,1.08407
EUR/USD,20230901 00:14:55.005,1.08402,1.08406
EUR/USD,20230901 00:14:55.977,1.08395,1.08415
EUR/USD,20230901 00:14:55.993,1.08402,1.08406
EUR/USD,20230901 00:14:55.993,1.08396,1.08413
EUR/USD,20230901 00:14:56.008,1.08402,1.08407
EUR/USD,20230901 00:14:56.493,1.08402,1.08406
EUR/USD,20230901 00:14:56.556,1.08402,1.08407
EUR/USD,20230901 00:14:57.311,1.08402,1.08406
EUR/USD,20230901 00:14:57.328,1.08395,1.08415
EUR/USD,20230901 00:14:57.344,1.08402,1.08407
EUR/USD,20230901 00:14:57.375,1.08403,1.08408
EUR/USD,20230901 00:14:57.375,1.08398,1.08414
EUR/USD,20230901 00:14:58.176,1.08403,1.08408
EUR/USD,20230901 00:14:58.586,1.08398,1.08414
EUR/USD,20230901 00:14:58.617,1.08396,1.08415
EUR/USD,20230901 00:14:58.617,1.08403,1.08407
EUR/USD,20230901 00:14:59.498,1.08403,1.08406
EUR/USD,20230901 00:15:00.459,1.08402,1.08406
EUR/USD,20230901 00:15:01.151,1.08398,1.08413
EUR/USD,20230901 00:15:01.198,1.08402,1.08406
EUR/USD,20230901 00:15:01.560,1.08397,1.08411
EUR/USD,20230901 00:15:01.576,1.08401,1.08406
EUR/USD,20230901 00:15:01.732,1.08402,1.08406
EUR/USD,20230901 00:15:03.311,1.08396,1.08412
EUR/USD,20230901 00:15:03.326,1.08402,1.08406
EUR/USD,20230901 00:15:04.727,1.08397,1.08411
EUR/USD,20230901 00:15:05.211,1.08401,1.08406
EUR/USD,20230901 00:15:05.602,1.08396,1.08412
EUR/USD,20230901 00:15:05.713,1.08401,1.08406
EUR/USD,20230901 00:15:06.780,1.08395,1.08411
EUR/USD,20230901 00:15:06.795,1.08394,1.0841
EUR/USD,20230901 00:15:06.811,1.08401,1.08405
EUR/USD,20230901 00:15:06.827,1.08394,1.08411
EUR/USD,20230901 00:15:06.858,1.084,1.08405
EUR/USD,20230901 00:15:06.920,1.08395,1.0841
EUR/USD,20230901 00:15:07.030,1.08394,1.08411
EUR/USD,20230901 00:15:07.108,1.084,1.08405
EUR/USD,20230901 00:15:07.202,1.08395,1.0841
EUR/USD,20230901 00:15:07.374,1.084,1.08405
EUR/USD,20230901 00:15:09.754,1.08395,1.0841
EUR/USD,20230901 00:15:09.754,1.08396,1.08409
EUR/USD,20230901 00:15:09.881,1.084,1.08405
EUR/USD,20230901 00:15:09.960,1.08397,1.0841
EUR/USD,20230901 00:15:09.976,1.08398,1.0841
EUR/USD,20230901 00:15:09.991,1.08402,1.08406
EUR/USD,20230901 00:15:10.210,1.08402,1.08407
EUR/USD,20230901 00:15:10.731,1.08399,1.08412
EUR/USD,20230901 00:15:10.731,1.08403,1.08408
EUR/USD,20230901 00:15:11.685,1.08399,1.08413
EUR/USD,20230901 00:15:11.763,1.08403,1.08408
EUR/USD,20230901 00:15:13.408,1.08402,1.08408
EUR/USD,20230901 00:15:14.283,1.08402,1.08407
EUR/USD,20230901 00:15:14.615,1.08402,1.08408
EUR/USD,20230901 00:15:14.646,1.08402,1.08407
EUR/USD,20230901 00:15:15.023,1.08399,1.08411
EUR/USD,20230901 00:15:15.164,1.08402,1.08407
EUR/USD,20230901 00:15:15.226,1.08402,1.08406
EUR/USD,20230901 00:15:16.042,1.08397,1.0841
EUR/USD,20230901 00:15:16.058,1.08401,1.08406
EUR/USD,20230901 00:15:17.857,1.08401,1.08405
EUR/USD,20230901 00:15:17.873,1.08396,1.08409
EUR/USD,20230901 00:15:17.888,1.08401,1.08406
EUR/USD,20230901 00:15:19.170,1.08395,1.08407
EUR/USD,20230901 00:15:19.185,1.084,1.08404
EUR/USD,20230901 00:15:19.216,1.08394,1.08408
EUR/USD,20230901 00:15:19.420,1.084,1.08404
EUR/USD,20230901 00:15:19.482,1.08397,1.08409
EUR/USD,20230901 00:15:19.498,1.084,1.08405
EUR/USD,20230901 00:15:19.529,1.08401,1.08405
EUR/USD,20230901 00:15:20.656,1.084,1.08405
EUR/USD,20230901 00:15:22.147,1.08398,1.08411
EUR/USD,20230901 00:15:22.163,1.08402,1.08407
EUR/USD,20230901 00:15:22.163,1.08399,1.08411
EUR/USD,20230901 00:15:22.210,1.08404,1.08408
EUR/USD,20230901 00:15:22.288,1.08402,1.08407
EUR/USD,20230901 00:15:22.366,1.08399,1.0841
EUR/USD,20230901 00:15:22.538,1.08402,1.08407
EUR/USD,20230901 00:15:22.600,1.084,1.08409
EUR/USD,20230901 00:15:22.836,1.08402,1.08407
EUR/USD,20230901 00:15:23.245,1.08402,1.08408
EUR/USD,20230901 00:15:23.276,1.08401,1.08408
EUR/USD,20230901 00:15:23.307,1.08403,1.08408
EUR/USD,20230901 00:15:23.434,1.08403,1.08407
EUR/USD,20230901 00:15:24.142,1.08402,1.08407
EUR/USD,20230901 00:15:28.421,1.08402,1.08406
EUR/USD,20230901 00:15:29.657,1.08402,1.08407
EUR/USD,20230901 00:15:31.098,1.084,1.08409
EUR/USD,20230901 00:15:31.098,1.08402,1.08407
EUR/USD,20230901 00:15:32.137,1.08402,1.08406
EUR/USD,20230901 00:15:32.215,1.08399,1.08409
EUR/USD,20230901 00:15:32.293,1.08402,1.08406
EUR/USD,20230901 00:15:32.356,1.08398,1.08409
EUR/USD,20230901 00:15:32.371,1.08401,1.08406
EUR/USD,20230901 00:15:32.387,1.08396,1.08407
EUR/USD,20230901 00:15:32.402,1.084,1.08405
EUR/USD,20230901 00:15:32.434,1.084,1.08404
EUR/USD,20230901 00:15:32.465,1.08395,1.08405
EUR/USD,20230901 00:15:32.481,1.08399,1.08403
EUR/USD,20230901 00:15:32.512,1.08398,1.08403
EUR/USD,20230901 00:15:32.527,1.08398,1.08402
EUR/USD,20230901 00:15:32.965,1.08397,1.08402
EUR/USD,20230901 00:15:32.981,1.08398,1.08404
EUR/USD,20230901 00:15:33.027,1.08398,1.08403
EUR/USD,20230901 00:15:39.751,1.08395,1.08405
EUR/USD,20230901 00:15:40.001,1.08398,1.08402
EUR/USD,20230901 00:15:40.409,1.084,1.08402
EUR/USD,20230901 00:15:48.510,1.084,1.08403
EUR/USD,20230901 00:15:48.933,1.084,1.08402
EUR/USD,20230901 00:15:48.949,1.08394,1.08405
EUR/USD,20230901 00:15:49.058,1.084,1.08402
EUR/USD,20230901 00:15:49.737,1.08399,1.08401
EUR/USD,20230901 00:15:50.853,1.08393,1.08406
EUR/USD,20230901 00:15:50.964,1.08399,1.08401
EUR/USD,20230901 00:15:52.592,1.08394,1.08405
EUR/USD,20230901 00:15:52.656,1.08399,1.08401
EUR/USD,20230901 00:15:55.853,1.08398,1.08401
EUR/USD,20230901 00:15:56.685,1.08393,1.08406
EUR/USD,20230901 00:15:56.716,1.08398,1.08401
EUR/USD,20230901 00:15:57.973,1.08392,1.08404
EUR/USD,20230901 00:15:58.004,1.08398,1.084
EUR/USD,20230901 00:15:58.098,1.08397,1.084
EUR/USD,20230901 00:15:59.713,1.08394,1.08404
EUR/USD,20230901 00:15:59.776,1.08397,1.08401
EUR/USD,20230901 00:16:00.424,1.08398,1.08401
EUR/USD,20230901 00:16:01.444,1.08394,1.08403
EUR/USD,20230901 00:16:01.537,1.08397,1.08401
EUR/USD,20230901 00:16:03.134,1.08398,1.08401
EUR/USD,20230901 00:16:06.189,1.08399,1.08401
EUR/USD,20230901 00:16:09.747,1.08394,1.08403
EUR/USD,20230901 00:16:09.842,1.08399,1.08401
EUR/USD,20230901 00:16:10.234,1.08393,1.084
EUR/USD,20230901 00:16:10.234,1.08397,1.08399
EUR/USD,20230901 00:16:10.297,1.08392,1.08399
EUR/USD,20230901 00:16:10.328,1.08391,1.08399
EUR/USD,20230901 00:16:10.344,1.08395,1.08397
EUR/USD,20230901 00:16:10.390,1.08393,1.08396
EUR/USD,20230901 00:16:10.500,1.0839,1.08398
EUR/USD,20230901 00:16:10.564,1.08393,1.08396
EUR/USD,20230901 00:16:13.232,1.08392,1.084
EUR/USD,20230901 00:16:13.247,1.08393,1.08401
EUR/USD,20230901 00:16:13.247,1.08394,1.08396
EUR/USD,20230901 00:16:13.294,1.08395,1.08399
EUR/USD,20230901 00:16:13.341,1.08393,1.08402
EUR/USD,20230901 00:16:13.372,1.08397,1.08399
EUR/USD,20230901 00:16:13.388,1.08395,1.08402
EUR/USD,20230901 00:16:13.404,1.08397,1.08401
EUR/USD,20230901 00:16:14.504,1.08398,1.08401
EUR/USD,20230901 00:16:15.618,1.08399,1.08401
EUR/USD,20230901 00:16:18.481,1.08398,1.08401
EUR/USD,20230901 00:16:18.965,1.08396,1.08404
EUR/USD,20230901 00:16:18.996,1.08398,1.08401
EUR/USD,20230901 00:16:19.652,1.08399,1.08401
EUR/USD,20230901 00:16:21.895,1.08399,1.08402
EUR/USD,20230901 00:16:24.430,1.08399,1.08401
EUR/USD,20230901 00:16:24.555,1.08398,1.08401
EUR/USD,20230901 00:16:25.212,1.08398,1.08402
EUR/USD,20230901 00:16:25.761,1.08399,1.08402
EUR/USD,20230901 00:16:25.858,1.08399,1.08401
EUR/USD,20230901 00:16:26.424,1.08393,1.08407
EUR/USD,20230901 00:16:26.598,1.08399,1.08401
EUR/USD,20230901 00:16:31.347,1.08398,1.08401
EUR/USD,20230901 00:16:31.379,1.08391,1.08407
EUR/USD,20230901 00:16:31.488,1.08398,1.08401
EUR/USD,20230901 00:16:32.307,1.08392,1.08406
EUR/USD,20230901 00:16:32.400,1.08398,1.08401
EUR/USD,20230901 00:16:32.494,1.08397,1.08401
EUR/USD,20230901 00:16:32.541,1.08391,1.08405
EUR/USD,20230901 00:16:32.557,1.08397,1.08397
EUR/USD,20230901 00:16:32.557,1.08388,1.08402
EUR/USD,20230901 00:16:32.572,1.08395,1.08397
EUR/USD,20230901 00:16:32.697,1.08393,1.08396
EUR/USD,20230901 00:16:32.744,1.08386,1.084
EUR/USD,20230901 00:16:32.807,1.08391,1.08396
EUR/USD,20230901 00:16:32.807,1.08385,1.08401
EUR/USD,20230901 00:16:32.822,1.08391,1.08393
EUR/USD,20230901 00:16:32.838,1.08384,1.08398
EUR/USD,20230901 00:16:32.885,1.08391,1.08394
EUR/USD,20230901 00:16:32.885,1.08383,1.08397
EUR/USD,20230901 00:16:32.900,1.08391,1.08393
EUR/USD,20230901 00:16:32.963,1.08389,1.08391
EUR/USD,20230901 00:16:34.449,1.08389,1.08393
EUR/USD,20230901 00:16:34.590,1.08384,1.084
EUR/USD,20230901 00:16:34.621,1.08391,1.08394
EUR/USD,20230901 00:16:34.652,1.08391,1.08395
EUR/USD,20230901 00:16:36.973,1.08392,1.08395
EUR/USD,20230901 00:16:37.366,1.08383,1.08397
EUR/USD,20230901 00:16:37.366,1.08392,1.08393
EUR/USD,20230901 00:16:37.397,1.0839,1.08392
EUR/USD,20230901 00:16:37.553,1.08382,1.08398
EUR/USD,20230901 00:16:37.553,1.0839,1.08392
EUR/USD,20230901 00:16:38.242,1.08381,1.08394
EUR/USD,20230901 00:16:38.289,1.08388,1.08391
EUR/USD,20230901 00:16:39.290,1.08381,1.08396
EUR/USD,20230901 00:16:39.368,1.08389,1.08391
EUR/USD,20230901 00:16:39.743,1.08381,1.08396
EUR/USD,20230901 00:16:39.775,1.08389,1.08391
EUR/USD,20230901 00:16:40.354,1.08389,1.08392
EUR/USD,20230901 00:16:40.385,1.08383,1.08395
EUR/USD,20230901 00:16:40.417,1.08389,1.08393
EUR/USD,20230901 00:16:40.463,1.0839,1.08393
EUR/USD,20230901 00:16:41.153,1.08387,1.08392
EUR/USD,20230901 00:16:41.577,1.08387,1.08391
EUR/USD,20230901 00:16:41.733,1.08386,1.08391
EUR/USD,20230901 00:16:42.741,1.08386,1.0839
EUR/USD,20230901 00:16:43.993,1.08386,1.08389
EUR/USD,20230901 00:16:45.154,1.08386,1.0839
EUR/USD,20230901 00:16:50.394,1.08383,1.08396
EUR/USD,20230901 00:16:50.409,1.08386,1.08391
EUR/USD,20230901 00:16:51.551,1.08387,1.0839
EUR/USD,20230901 00:16:53.717,1.08387,1.08392
EUR/USD,20230901 00:16:55.002,1.08387,1.08391
EUR/USD,20230901 00:17:00.540,1.08386,1.08393
EUR/USD,20230901 00:17:00.555,1.08387,1.08391
EUR/USD,20230901 00:17:02.138,1.08386,1.08391
EUR/USD,20230901 00:17:02.388,1.08386,1.08389
EUR/USD,20230901 00:17:02.451,1.08384,1.08393
EUR/USD,20230901 00:17:02.467,1.08382,1.08391
EUR/USD,20230901 00:17:02.545,1.08384,1.08389
EUR/USD,20230901 00:17:02.592,1.08384,1.08387
EUR/USD,20230901 00:17:02.638,1.08382,1.08389
EUR/USD,20230901 00:17:02.857,1.08384,1.08387
EUR/USD,20230901 00:17:03.076,1.08383,1.08387
EUR/USD,20230901 00:17:03.780,1.08383,1.08386
EUR/USD,20230901 00:17:04.173,1.08383,1.08385
EUR/USD,20230901 00:17:06.460,1.0838,1.08388
EUR/USD,20230901 00:17:06.475,1.08381,1.08385
EUR/USD,20230901 00:17:06.522,1.08381,1.08383
EUR/USD,20230901 00:17:07.386,1.0838,1.08383
EUR/USD,20230901 00:17:09.755,1.0838,1.08388
EUR/USD,20230901 00:17:09.833,1.0838,1.08383
EUR/USD,20230901 00:17:10.290,1.0838,1.08384
EUR/USD,20230901 00:17:11.372,1.08381,1.08384
EUR/USD,20230901 00:17:11.670,1.08381,1.08389
EUR/USD,20230901 00:17:11.686,1.08382,1.0839
EUR/USD,20230901 00:17:11.717,1.08384,1.08386
EUR/USD,20230901 00:17:11.764,1.08381,1.08389
EUR/USD,20230901 00:17:11.936,1.08384,1.08386
EUR/USD,20230901 00:17:11.952,1.08383,1.08386
EUR/USD,20230901 00:17:12.514,1.08383,1.08384
EUR/USD,20230901 00:17:13.706,1.08382,1.08384
EUR/USD,20230901 00:17:18.469,1.08383,1.08384
EUR/USD,20230901 00:17:19.344,1.08383,1.08385
EUR/USD,20230901 00:17:20.458,1.08383,1.0839
EUR/USD,20230901 00:17:20.473,1.08384,1.08385
EUR/USD,20230901 00:17:20.505,1.08384,1.08387
EUR/USD,20230901 00:17:20.677,1.08384,1.08391
EUR/USD,20230901 00:17:20.677,1.08385,1.08387
EUR/USD,20230901 00:17:21.622,1.08385,1.08388
EUR/USD,20230901 00:17:22.155,1.08385,1.08389
EUR/USD,20230901 00:17:24.517,1.08385,1.0839
EUR/USD,20230901 00:17:27.148,1.08382,1.08389
EUR/USD,20230901 00:17:27.163,1.08385,1.08388
EUR/USD,20230901 00:17:27.210,1.08384,1.08388
EUR/USD,20230901 00:17:27.226,1.08383,1.08388
EUR/USD,20230901 00:17:27.384,1.08383,1.08386
EUR/USD,20230901 00:17:28.541,1.08383,1.08387
EUR/USD,20230901 00:17:30.220,1.08382,1.08386
EUR/USD,20230901 00:17:31.164,1.08382,1.08387
EUR/USD,20230901 00:17:32.861,1.08382,1.08386
EUR/USD,20230901 00:17:34.132,1.08382,1.08385
EUR/USD,20230901 00:17:37.288,1.0838,1.08388
EUR/USD,20230901 00:17:37.319,1.08381,1.08385
EUR/USD,20230901 00:17:39.751,1.0838,1.08388
EUR/USD,20230901 00:17:39.860,1.08381,1.08385
EUR/USD,20230901 00:17:43.372,1.08381,1.08386
EUR/USD,20230901 00:17:45.645,1.0838,1.08386
EUR/USD,20230901 00:17:45.771,1.08381,1.08386
EUR/USD,20230901 00:17:46.036,1.08381,1.08385
EUR/USD,20230901 00:17:46.854,1.0838,1.08385
EUR/USD,20230901 00:17:47.328,1.08381,1.08385
EUR/USD,20230901 00:17:47.563,1.0838,1.08385
EUR/USD,20230901 00:17:47.673,1.08381,1.08385
EUR/USD,20230901 00:17:48.348,1.0838,1.08386
EUR/USD,20230901 00:17:49.449,1.0838,1.08385
EUR/USD,20230901 00:17:54.252,1.08381,1.08385
EUR/USD,20230901 00:17:54.989,1.08381,1.08386
EUR/USD,20230901 00:17:56.759,1.08383,1.08386
EUR/USD,20230901 00:17:58.531,1.08383,1.08387
EUR/USD,20230901 00:18:00.068,1.0838,1.08388
EUR/USD,20230901 00:18:00.084,1.08383,1.08387
EUR/USD,20230901 00:18:00.524,1.08379,1.0839
EUR/USD,20230901 00:18:00.571,1.08383,1.08387
EUR/USD,20230901 00:18:02.159,1.08383,1.08388
EUR/USD,20230901 00:18:03.446,1.08381,1.08391
EUR/USD,20230901 00:18:03.446,1.08385,1.08388
EUR/USD,20230901 00:18:03.509,1.08383,1.08393
EUR/USD,20230901 00:18:03.524,1.08385,1.0839
EUR/USD,20230901 00:18:03.899,1.08383,1.08392
EUR/USD,20230901 00:18:03.915,1.08381,1.08391
EUR/USD,20230901 00:18:03.946,1.08383,1.08388
EUR/USD,20230901 00:18:03.946,1.0838,1.0839
EUR/USD,20230901 00:18:03.978,1.08382,1.08388
EUR/USD,20230901 00:18:04.009,1.0838,1.0839
EUR/USD,20230901 00:18:04.149,1.08382,1.08388
EUR/USD,20230901 00:18:04.701,1.08379,1.08391
EUR/USD,20230901 00:18:04.748,1.08382,1.08388
EUR/USD,20230901 00:18:05.297,1.08383,1.08389
EUR/USD,20230901 00:18:05.927,1.0838,1.08391
EUR/USD,20230901 00:18:06.005,1.08383,1.08389
EUR/USD,20230901 00:18:06.162,1.08383,1.08388
EUR/USD,20230901 00:18:06.928,1.08381,1.08391
EUR/USD,20230901 00:18:06.944,1.08385,1.08388
EUR/USD,20230901 00:18:06.975,1.08384,1.08388
EUR/USD,20230901 00:18:07.506,1.08384,1.08389
EUR/USD,20230901 00:18:07.851,1.08381,1.08392
EUR/USD,20230901 00:18:08.148,1.08381,1.08391
EUR/USD,20230901 00:18:08.164,1.0838,1.08391
EUR/USD,20230901 00:18:08.179,1.08383,1.08387
EUR/USD,20230901 00:18:08.304,1.08379,1.0839
EUR/USD,20230901 00:18:08.429,1.08383,1.08387
EUR/USD,20230901 00:18:09.273,1.08383,1.08386
EUR/USD,20230901 00:18:09.744,1.08379,1.0839
EUR/USD,20230901 00:18:10.105,1.08383,1.08386
EUR/USD,20230901 00:18:10.167,1.08383,1.08387
EUR/USD,20230901 00:18:11.171,1.08383,1.08386
EUR/USD,20230901 00:18:13.821,1.08382,1.08386
EUR/USD,20230901 00:18:14.089,1.08379,1.0839
EUR/USD,20230901 00:18:14.104,1.08382,1.08386
EUR/USD,20230901 00:18:14.620,1.08382,1.08385
EUR/USD,20230901 00:18:16.093,1.08378,1.08389
EUR/USD,20230901 00:18:16.172,1.08382,1.08383
EUR/USD,20230901 00:18:16.281,1.08378,1.08388
EUR/USD,20230901 00:18:16.297,1.08376,1.08387
EUR/USD,20230901 00:18:16.312,1.08381,1.08383
EUR/USD,20230901 00:18:16.312,1.08376,1.08388
EUR/USD,20230901 00:18:16.468,1.08381,1.08383
EUR/USD,20230901 00:18:22.225,1.08376,1.08387
EUR/USD,20230901 00:18:22.257,1.08379,1.08383
EUR/USD,20230901 00:18:22.257,1.08376,1.08386
EUR/USD,20230901 00:18:22.350,1.08378,1.08381
EUR/USD,20230901 00:18:22.413,1.08374,1.08385
EUR/USD,20230901 00:18:22.460,1.08378,1.08381
EUR/USD,20230901 00:18:23.085,1.08376,1.08387
EUR/USD,20230901 00:18:23.100,1.08378,1.08381
EUR/USD,20230901 00:18:23.116,1.08375,1.08385
EUR/USD,20230901 00:18:23.194,1.08381,1.08383
EUR/USD,20230901 00:18:23.225,1.08375,1.08386
EUR/USD,20230901 00:18:23.319,1.08381,1.08383
EUR/USD,20230901 00:18:23.397,1.08375,1.08385
EUR/USD,20230901 00:18:23.429,1.08375,1.08386
EUR/USD,20230901 00:18:23.460,1.0838,1.08382
EUR/USD,20230901 00:18:24.999,1.08374,1.08385
EUR/USD,20230901 00:18:25.077,1.0838,1.08382
EUR/USD,20230901 00:18:26.140,1.08373,1.08386
EUR/USD,20230901 00:18:26.140,1.0838,1.08383
EUR/USD,20230901 00:18:26.280,1.08382,1.08383
EUR/USD,20230901 00:18:26.312,1.0838,1.08382
EUR/USD,20230901 00:18:26.327,1.0838,1.08383
EUR/USD,20230901 00:18:26.703,1.08374,1.08385
EUR/USD,20230901 00:18:26.813,1.0838,1.08383
EUR/USD,20230901 00:18:27.611,1.08381,1.08383
EUR/USD,20230901 00:18:30.356,1.0838,1.08382
EUR/USD,20230901 00:18:30.793,1.08374,1.08386
EUR/USD,20230901 00:18:30.825,1.0838,1.08383
EUR/USD,20230901 00:18:31.298,1.08374,1.08385
EUR/USD,20230901 00:18:31.896,1.08381,1.08383
EUR/USD,20230901 00:18:33.052,1.0838,1.08382
EUR/USD,20230901 00:18:33.427,1.08374,1.08385
EUR/USD,20230901 00:18:33.489,1.0838,1.08382
EUR/USD,20230901 00:18:34.695,1.08374,1.08385
EUR/USD,20230901 00:18:34.931,1.0838,1.08382
EUR/USD,20230901 00:18:35.134,1.08374,1.08385
EUR/USD,20230901 00:18:37.196,1.08379,1.08382
EUR/USD,20230901 00:18:37.571,1.08379,1.08381
EUR/USD,20230901 00:18:39.750,1.08374,1.08385
EUR/USD,20230901 00:18:40.268,1.08379,1.08381
EUR/USD,20230901 00:18:41.191,1.08378,1.08381
EUR/USD,20230901 00:18:42.555,1.08374,1.08385
EUR/USD,20230901 00:18:43.058,1.08378,1.08381
EUR/USD,20230901 00:18:46.134,1.08378,1.08382
EUR/USD,20230901 00:18:46.607,1.08378,1.08381
EUR/USD,20230901 00:18:47.611,1.08379,1.08381
EUR/USD,20230901 00:18:49.488,1.08379,1.08382
EUR/USD,20230901 00:18:51.808,1.08379,1.08381
EUR/USD,20230901 00:18:51.980,1.08379,1.08382
EUR/USD,20230901 00:18:52.437,1.08379,1.08383
EUR/USD,20230901 00:18:53.767,1.08379,1.08382
EUR/USD,20230901 00:18:53.814,1.08378,1.08382
EUR/USD,20230901 00:18:54.821,1.08374,1.08385
EUR/USD,20230901 00:18:55.134,1.08378,1.08383
EUR/USD,20230901 00:18:55.556,1.08373,1.08386
EUR/USD,20230901 00:18:55.855,1.08378,1.08383
EUR/USD,20230901 00:18:56.043,1.08378,1.08382
EUR/USD,20230901 00:18:56.720,1.08378,1.08381
EUR/USD,20230901 00:18:57.848,1.08374,1.08386
EUR/USD,20230901 00:18:57.879,1.08375,1.08388
EUR/USD,20230901 00:18:57.879,1.08379,1.08384
EUR/USD,20230901 00:18:57.895,1.0838,1.08384
EUR/USD,20230901 00:18:57.988,1.0838,1.08385
EUR/USD,20230901 00:19:00.605,1.08374,1.08387
EUR/USD,20230901 00:19:00.621,1.0838,1.08384
EUR/USD,20230901 00:19:00.699,1.0838,1.08385
EUR/USD,20230901 00:19:00.730,1.0838,1.08384
EUR/USD,20230901 00:19:01.626,1.08373,1.08387
EUR/USD,20230901 00:19:01.735,1.08372,1.08388
EUR/USD,20230901 00:19:01.735,1.08379,1.08384
EUR/USD,20230901 00:19:03.806,1.08379,1.08383
EUR/USD,20230901 00:19:04.228,1.08379,1.08381
EUR/USD,20230901 00:19:04.260,1.08379,1.08383
EUR/USD,20230901 00:19:04.275,1.08373,1.08387
EUR/USD,20230901 00:19:04.291,1.08379,1.08384
EUR/USD,20230901 00:19:05.155,1.0838,1.08385
EUR/USD,20230901 00:19:06.269,1.08373,1.08389
EUR/USD,20230901 00:19:06.285,1.08381,1.08385
EUR/USD,20230901 00:19:07.273,1.08375,1.08388
EUR/USD,20230901 00:19:07.289,1.08381,1.08386
EUR/USD,20230901 00:19:07.336,1.08383,1.08386
EUR/USD,20230901 00:19:07.555,1.08383,1.08387
EUR/USD,20230901 00:19:07.555,1.08376,1.0839
EUR/USD,20230901 00:19:07.667,1.08383,1.08387
EUR/USD,20230901 00:19:08.370,1.08377,1.08391
EUR/USD,20230901 00:19:08.386,1.08383,1.08387
EUR/USD,20230901 00:19:09.278,1.08383,1.08386
EUR/USD,20230901 00:19:09.750,1.08377,1.08391
EUR/USD,20230901 00:19:09.781,1.08383,1.08386
EUR/USD,20230901 00:19:11.189,1.08383,1.08387
EUR/USD,20230901 00:19:12.459,1.08383,1.08386
EUR/USD,20230901 00:19:18.724,1.08384,1.08386
EUR/USD,20230901 00:19:19.521,1.08376,1.0839
EUR/USD,20230901 00:19:19.537,1.08382,1.08386
EUR/USD,20230901 00:19:19.552,1.08374,1.0839
EUR/USD,20230901 00:19:19.662,1.08382,1.08386
EUR/USD,20230901 00:19:23.472,1.08383,1.08386
EUR/USD,20230901 00:19:24.645,1.08382,1.08386
EUR/USD,20230901 00:19:26.629,1.08375,1.08389
EUR/USD,20230901 00:19:26.660,1.08382,1.08386
EUR/USD,20230901 00:19:28.617,1.08376,1.0839
EUR/USD,20230901 00:19:28.711,1.08384,1.08386
EUR/USD,20230901 00:19:29.950,1.08383,1.08386
EUR/USD,20230901 00:19:32.003,1.08378,1.08392
EUR/USD,20230901 00:19:32.034,1.08379,1.08392
EUR/USD,20230901 00:19:32.034,1.08385,1.08388
EUR/USD,20230901 00:19:32.050,1.0838,1.08394
EUR/USD,20230901 00:19:32.128,1.08387,1.0839
EUR/USD,20230901 00:19:32.253,1.08387,1.08391
EUR/USD,20230901 00:19:33.253,1.08388,1.08391
EUR/USD,20230901 00:19:36.513,1.08387,1.08391
EUR/USD,20230901 00:19:37.327,1.08387,1.0839
EUR/USD,20230901 00:19:37.640,1.08388,1.0839
EUR/USD,20230901 00:19:37.686,1.08381,1.08395
EUR/USD,20230901 00:19:37.796,1.08388,1.0839
EUR/USD,20230901 00:19:37.924,1.08388,1.08391
EUR/USD,20230901 00:19:38.095,1.0838,1.08396
EUR/USD,20230901 00:19:38.189,1.08388,1.08391
EUR/USD,20230901 00:19:38.254,1.08388,1.0839
EUR/USD,20230901 00:19:38.802,1.08388,1.08391
EUR/USD,20230901 00:19:38.818,1.08387,1.08391
EUR/USD,20230901 00:19:39.757,1.0838,1.08396
EUR/USD,20230901 00:19:39.804,1.08381,1.08396
EUR/USD,20230901 00:19:39.947,1.08387,1.08391
EUR/USD,20230901 00:19:43.680,1.08387,1.0839
EUR/USD,20230901 00:19:47.277,1.08387,1.08391
EUR/USD,20230901 00:19:47.495,1.08381,1.08395
EUR/USD,20230901 00:19:47.511,1.08384,1.08386
EUR/USD,20230901 00:19:47.527,1.08378,1.08393
EUR/USD,20230901 00:19:47.558,1.08379,1.08395
EUR/USD,20230901 00:19:47.558,1.08386,1.08389
EUR/USD,20230901 00:19:48.078,1.08386,1.0839
EUR/USD,20230901 00:19:51.942,1.08387,1.0839
EUR/USD,20230901 00:19:53.897,1.08387,1.08389
EUR/USD,20230901 00:19:54.259,1.08387,1.0839
EUR/USD,20230901 00:20:00.566,1.08387,1.08391
EUR/USD,20230901 00:20:06.668,1.08378,1.08393
EUR/USD,20230901 00:20:06.731,1.08387,1.08388
EUR/USD,20230901 00:20:06.793,1.08385,1.08387
EUR/USD,20230901 00:20:06.793,1.08376,1.08391
EUR/USD,20230901 00:20:07.012,1.08385,1.08387
EUR/USD,20230901 00:20:07.878,1.08384,1.08386
EUR/USD,20230901 00:20:08.193,1.08385,1.08387
EUR/USD,20230901 00:20:09.242,1.08384,1.08386
EUR/USD,20230901 00:20:09.744,1.08376,1.08391
EUR/USD,20230901 00:20:09.885,1.08384,1.08386
EUR/USD,20230901 00:20:10.357,1.08383,1.08386
EUR/USD,20230901 00:20:10.469,1.08377,1.08391
EUR/USD,20230901 00:20:10.578,1.08383,1.08386
EUR/USD,20230901 00:20:13.174,1.08376,1.08391
EUR/USD,20230901 00:20:13.252,1.08383,1.08386
EUR/USD,20230901 00:20:13.346,1.08377,1.08391
EUR/USD,20230901 00:20:13.660,1.08376,1.08391
EUR/USD,20230901 00:20:13.725,1.08383,1.08386
EUR/USD,20230901 00:20:13.850,1.08384,1.08386
EUR/USD,20230901 00:20:14.147,1.08385,1.08387
EUR/USD,20230901 00:20:15.623,1.08383,1.08386
EUR/USD,20230901 00:20:17.034,1.08384,1.08386
EUR/USD,20230901 00:20:17.503,1.08377,1.08392
EUR/USD,20230901 00:20:17.518,1.08378,1.08392
EUR/USD,20230901 00:20:17.518,1.08386,1.08389
EUR/USD,20230901 00:20:17.550,1.08378,1.08395
EUR/USD,20230901 00:20:17.737,1.08386,1.08389
EUR/USD,20230901 00:20:18.003,1.08386,1.0839
EUR/USD,20230901 00:20:18.612,1.08387,1.0839
EUR/USD,20230901 00:20:18.737,1.08387,1.08391
EUR/USD,20230901 00:20:18.893,1.08379,1.08394
EUR/USD,20230901 00:20:19.096,1.08387,1.08391
EUR/USD,20230901 00:20:19.895,1.08388,1.08391
EUR/USD,20230901 00:20:20.195,1.08388,1.0839
EUR/USD,20230901 00:20:20.242,1.08386,1.0839
EUR/USD,20230901 00:20:20.289,1.08385,1.0839
EUR/USD,20230901 00:20:20.367,1.08385,1.08389
EUR/USD,20230901 00:20:20.648,1.08385,1.0839
EUR/USD,20230901 00:20:20.976,1.08385,1.08389
EUR/USD,20230901 00:20:21.242,1.08378,1.08392
EUR/USD,20230901 00:20:21.273,1.08385,1.08388
EUR/USD,20230901 00:20:21.367,1.08384,1.08388
EUR/USD,20230901 00:20:24.140,1.08383,1.08388
EUR/USD,20230901 00:20:25.055,1.08378,1.08392
EUR/USD,20230901 00:20:25.071,1.0838,1.08394
EUR/USD,20230901 00:20:25.086,1.08383,1.08388
EUR/USD,20230901 00:20:25.118,1.0838,1.08393
EUR/USD,20230901 00:20:25.118,1.08385,1.08387
EUR/USD,20230901 00:20:25.133,1.08378,1.08393
EUR/USD,20230901 00:20:25.165,1.08383,1.08389
EUR/USD,20230901 00:20:28.352,1.08377,1.08394
EUR/USD,20230901 00:20:28.414,1.08383,1.08389
EUR/USD,20230901 00:20:28.570,1.08378,1.08393
EUR/USD,20230901 00:20:28.867,1.08383,1.08389
EUR/USD,20230901 00:20:29.353,1.08377,1.08394
EUR/USD,20230901 00:20:29.368,1.08384,1.08389
EUR/USD,20230901 00:20:29.462,1.08378,1.08393
EUR/USD,20230901 00:20:29.712,1.08384,1.08389
EUR/USD,20230901 00:20:29.853,1.08377,1.08394
EUR/USD,20230901 00:20:31.970,1.08384,1.08389
EUR/USD,20230901 00:20:32.126,1.08378,1.08393
EUR/USD,20230901 00:20:32.614,1.08384,1.08389
EUR/USD,20230901 00:20:32.660,1.08377,1.08394
EUR/USD,20230901 00:20:33.004,1.08378,1.08393
EUR/USD,20230901 00:20:33.568,1.08384,1.08388
EUR/USD,20230901 00:20:34.528,1.08384,1.08389
EUR/USD,20230901 00:20:34.543,1.08378,1.08392
EUR/USD,20230901 00:20:34.543,1.08384,1.08388
EUR/USD,20230901 00:20:34.606,1.08384,1.08389
EUR/USD,20230901 00:20:36.117,1.08384,1.08388
EUR/USD,20230901 00:20:36.196,1.08384,1.08389
EUR/USD,20230901 00:20:36.243,1.08384,1.08388
EUR/USD,20230901 00:20:37.024,1.08383,1.08386
EUR/USD,20230901 00:20:39.751,1.08378,1.08392
EUR/USD,20230901 00:20:41.050,1.08383,1.08386
EUR/USD,20230901 00:20:41.348,1.08377,1.08391
EUR/USD,20230901 00:20:41.413,1.08383,1.08386
EUR/USD,20230901 00:20:41.820,1.08382,1.08386
EUR/USD,20230901 00:20:42.152,1.08376,1.08392
EUR/USD,20230901 00:20:42.261,1.08382,1.08386
EUR/USD,20230901 00:20:43.987,1.08377,1.08391
EUR/USD,20230901 00:20:44.096,1.08382,1.08386
EUR/USD,20230901 00:20:44.410,1.08376,1.0839
EUR/USD,20230901 00:20:44.442,1.08376,1.08389
EUR/USD,20230901 00:20:44.442,1.08382,1.08385
EUR/USD,20230901 00:20:44.457,1.08376,1.0839
EUR/USD,20230901 00:20:44.473,1.08382,1.08386
EUR/USD,20230901 00:20:44.489,1.08376,1.08391
EUR/USD,20230901 00:20:44.551,1.08376,1.0839
EUR/USD,20230901 00:20:44.629,1.08382,1.08386
EUR/USD,20230901 00:20:45.082,1.08377,1.08391
EUR/USD,20230901 00:20:45.129,1.08382,1.08386
EUR/USD,20230901 00:20:45.192,1.08381,1.08386
EUR/USD,20230901 00:20:49.378,1.08375,1.08389
EUR/USD,20230901 00:20:49.393,1.08381,1.08384
EUR/USD,20230901 00:20:49.440,1.08381,1.08385
EUR/USD,20230901 00:20:49.487,1.08381,1.08386
EUR/USD,20230901 00:20:50.067,1.08381,1.08385
EUR/USD,20230901 00:20:51.091,1.0838,1.08385
EUR/USD,20230901 00:20:54.137,1.08376,1.08389
EUR/USD,20230901 00:20:54.137,1.08381,1.08385
EUR/USD,20230901 00:20:54.639,1.08381,1.08386
EUR/USD,20230901 00:21:00.781,1.0838,1.08385
EUR/USD,20230901 00:21:04.138,1.08376,1.08389
EUR/USD,20230901 00:21:05.109,1.0838,1.08385
EUR/USD,20230901 00:21:07.340,1.08381,1.08386
EUR/USD,20230901 00:21:09.749,1.08376,1.08389
EUR/USD,20230901 00:21:09.828,1.08381,1.08386
EUR/USD,20230901 00:21:11.411,1.0838,1.08385
EUR/USD,20230901 00:21:16.931,1.08375,1.08389
EUR/USD,20230901 00:21:16.947,1.0838,1.08385
EUR/USD,20230901 00:21:19.165,1.0838,1.08384
EUR/USD,20230901 00:21:19.572,1.0838,1.08385
EUR/USD,20230901 00:21:20.009,1.08381,1.08386
EUR/USD,20230901 00:21:25.214,1.08382,1.08386
EUR/USD,20230901 00:21:27.921,1.08376,1.08389
EUR/USD,20230901 00:21:27.937,1.08376,1.08388
EUR/USD,20230901 00:21:30.727,1.08382,1.08385
EUR/USD,20230901 00:21:36.446,1.08382,1.08386
EUR/USD,20230901 00:21:39.749,1.08376,1.08388
EUR/USD,20230901 00:21:39.954,1.08381,1.08386
EUR/USD,20230901 00:21:41.555,1.08379,1.0839
EUR/USD,20230901 00:21:41.586,1.0838,1.08393
EUR/USD,20230901 00:21:41.586,1.08384,1.08387
EUR/USD,20230901 00:21:41.664,1.08384,1.08389
EUR/USD,20230901 00:21:42.890,1.08382,1.08393
EUR/USD,20230901 00:21:43.723,1.08384,1.08389
EUR/USD,20230901 00:21:43.832,1.0838,1.08394
EUR/USD,20230901 00:21:43.832,1.08384,1.08389
EUR/USD,20230901 00:21:43.848,1.08385,1.0839
EUR/USD,20230901 00:21:43.879,1.08381,1.08393
EUR/USD,20230901 00:21:44.334,1.08385,1.0839
EUR/USD,20230901 00:21:47.804,1.08386,1.08391
EUR/USD,20230901 00:21:48.620,1.08386,1.0839
EUR/USD,20230901 00:21:48.635,1.0838,1.08393
EUR/USD,20230901 00:21:48.651,1.08379,1.08392
EUR/USD,20230901 00:21:48.666,1.08384,1.08387
EUR/USD,20230901 00:21:49.170,1.08378,1.08392
EUR/USD,20230901 00:21:49.186,1.08382,1.08386
EUR/USD,20230901 00:21:49.233,1.08377,1.0839
EUR/USD,20230901 00:21:49.436,1.08382,1.08386
EUR/USD,20230901 00:21:50.313,1.08381,1.08386
EUR/USD,20230901 00:21:51.021,1.08378,1.0839
EUR/USD,20230901 00:21:51.037,1.08381,1.08386
EUR/USD,20230901 00:21:51.194,1.08377,1.0839
EUR/USD,20230901 00:21:51.272,1.08376,1.08388
EUR/USD,20230901 00:21:51.288,1.08381,1.08385
EUR/USD,20230901 00:21:51.587,1.08381,1.08386
EUR/USD,20230901 00:21:51.698,1.08381,1.08385
EUR/USD,20230901 00:21:51.964,1.08381,1.08386
EUR/USD,20230901 00:21:53.673,1.08376,1.0839
EUR/USD,20230901 00:21:53.688,1.08381,1.08385
EUR/USD,20230901 00:21:53.704,1.08378,1.0839
EUR/USD,20230901 00:21:53.735,1.08383,1.08386
EUR/USD,20230901 00:21:54.141,1.08382,1.08386
EUR/USD,20230901 00:21:54.958,1.08381,1.08386
EUR/USD,20230901 00:22:00.439,1.08377,1.08389
EUR/USD,20230901 00:22:00.517,1.08381,1.08386
EUR/USD,20230901 00:22:00.720,1.08377,1.08389
EUR/USD,20230901 00:22:00.767,1.08381,1.08386
EUR/USD,20230901 00:22:01.004,1.08378,1.08388
EUR/USD,20230901 00:22:01.036,1.08378,1.08389
EUR/USD,20230901 00:22:01.098,1.08381,1.08386
EUR/USD,20230901 00:22:01.334,1.08378,1.08388
EUR/USD,20230901 00:22:01.334,1.0838,1.08385
EUR/USD,20230901 00:22:01.350,1.08378,1.08388
EUR/USD,20230901 00:22:01.475,1.0838,1.08385
EUR/USD,20230901 00:22:01.837,1.08377,1.08388
EUR/USD,20230901 00:22:01.948,1.0838,1.08385
EUR/USD,20230901 00:22:04.131,1.0838,1.08384
EUR/USD,20230901 00:22:04.336,1.0838,1.08385
EUR/USD,20230901 00:22:04.430,1.08377,1.08389
EUR/USD,20230901 00:22:04.430,1.08382,1.08386
EUR/USD,20230901 00:22:05.217,1.08382,1.08387
EUR/USD,20230901 00:22:05.311,1.08379,1.0839
EUR/USD,20230901 00:22:05.342,1.08382,1.08387
EUR/USD,20230901 00:22:06.942,1.08383,1.08386
EUR/USD,20230901 00:22:07.051,1.08382,1.08386
EUR/USD,20230901 00:22:08.209,1.08381,1.08386
EUR/USD,20230901 00:22:08.225,1.08381,1.08385
EUR/USD,20230901 00:22:09.745,1.08379,1.0839
EUR/USD,20230901 00:22:10.135,1.08382,1.08386
EUR/USD,20230901 00:22:14.607,1.08383,1.08387
EUR/USD,20230901 00:22:15.013,1.08378,1.08391
EUR/USD,20230901 00:22:15.534,1.08383,1.08387
EUR/USD,20230901 00:22:19.292,1.08379,1.0839
EUR/USD,20230901 00:22:19.589,1.08378,1.08391
EUR/USD,20230901 00:22:19.792,1.08383,1.08387
EUR/USD,20230901 00:22:19.870,1.08379,1.08391
EUR/USD,20230901 00:22:19.902,1.08381,1.08394
EUR/USD,20230901 00:22:19.902,1.08385,1.08389
EUR/USD,20230901 00:22:21.736,1.0838,1.08394
EUR/USD,20230901 00:22:22.097,1.08385,1.08389
EUR/USD,20230901 00:22:24.416,1.08381,1.08395
EUR/USD,20230901 00:22:24.510,1.08385,1.08389
EUR/USD,20230901 00:22:24.713,1.08386,1.0839
EUR/USD,20230901 00:22:25.854,1.08387,1.08391
EUR/USD,20230901 00:22:27.782,1.0838,1.08397
EUR/USD,20230901 00:22:28.585,1.08387,1.08391
EUR/USD,20230901 00:22:31.181,1.08387,1.0839
EUR/USD,20230901 00:22:32.453,1.08379,1.08396
EUR/USD,20230901 00:22:32.484,1.08387,1.08391
EUR/USD,20230901 00:22:32.766,1.08379,1.08397
EUR/USD,20230901 00:22:32.781,1.08387,1.08391
EUR/USD,20230901 00:22:33.440,1.08388,1.08391
EUR/USD,20230901 00:22:34.884,1.08387,1.08391
EUR/USD,20230901 00:22:35.415,1.0838,1.08396
EUR/USD,20230901 00:22:35.431,1.0838,1.08395
EUR/USD,20230901 00:22:35.556,1.0838,1.08396
EUR/USD,20230901 00:22:35.649,1.08387,1.08391
EUR/USD,20230901 00:22:37.420,1.08379,1.08397
EUR/USD,20230901 00:22:37.670,1.08387,1.0839
EUR/USD,20230901 00:22:39.745,1.08379,1.08397
EUR/USD,20230901 00:22:39.807,1.08387,1.0839
EUR/USD,20230901 00:22:40.104,1.08385,1.08389
EUR/USD,20230901 00:22:40.622,1.08386,1.08389
EUR/USD,20230901 00:22:40.685,1.08387,1.0839
EUR/USD,20230901 00:22:42.217,1.08386,1.0839
